3218 5310
186 303 205 363 d
590 298 641 363 Μ.
664 294 825 363 TULLII
850 296 1100 364 CICERONIS

182 464 255 517 sos,
286 441 334 503 his
364 440 546 503 consulibus
576 450 678 502 nabun
709 461 777 501 csse
803 438 864 503 Cn.
889 439 1075 521 Pompcimn
1106 440 1206 521 pridie
1229 441 1304 505 Kal.
1329 444 1502 519 Octobres,

184 538 270 618 quod
293 535 434 596 Velleius
459 536 530 596 libr.
554 535 602 597 lt.
631 556 702 614 cap.
727 536 779 597 53.
804 547 835 595 et
857 533 977 597 Plinius
1000 534 1072 595 libr.
1096 535 1285 598 XXXVII.
1310 559 1379 617 cap.
1403 538 1436 600 2.
1460 538 1506 599 di·

183 642 267 691 sertc
289 629 450 691 scribunt:
481 628 568 690 cuius
592 628 638 689 rei
661 628 887 690 observatione
914 626 1060 687 facillime
1088 626 1248 689 diiudicari
1272 641 1392 710 potest,
1424 643 1503 711 quot

182 744 280 785 annos
303 733 393 783 natus
416 720 589 802 Pompeius
612 744 664 784 res
687 720 826 799 singulas
849 718 983 803 gesserit
1011 720 1192 781 honoresve
1223 735 1410 784 consecutus
1439 725 1499 785 sit:

180 815 213 877 id
241 820 328 898 quod
357 829 417 876 tam
450 816 534 877 varie
564 818 603 877 ab
634 815 819 878 auctoribus
841 809 1081 896 scriptumest,
1114 826 1147 874 ut
1174 813 1273 878 raraior
1296 816 1502 899 discrepantia

182 930 237 971 vax
262 922 451 971 ttrreutatur.

333 1157 439 1218 Anno'
459 1153 559 1217 Urbis
581 1154 792 1217 DCXLIIX.
820 1151 992 1215 Ciceronis
1014 1154 1063 1216 ΙΙ.
1085 1172 1175 1215 coss.
1187 1148 1346 1241 fuerunt

398 1298 442 1369 P.
471 1294 710 1370 RUTILIUS
737 1293 919 1391 RUFUS,
948 1294 1025 1367 CN.
1053 1293 1288 1371 MALLIUS.

263 1454 327 1517 Hie
349 1464 396 1514 est
419 1454 459 1515 P.
478 1451 614 1514 Rutilius
631 1451 773 1519 Stoicus,
798 1451 895 1513 lromo
918 1449 1115 1513 doctissimus
1138 1462 1170 1513 et
1193 1450 1336 1513 Panaetii
1357 1452 1495 1525 auditor,

182 1549 219 1609 de
242 1569 306 1630 qino
330 1546 446 1609 Cicero
469 1546 498 1607 iu
522 1546 625 1607 Bruto
648 1566 719 1625 cap.
745 1545 818 1615 30„
846 1545 899 1604 lib.
924 1544 991 1605 ΠΙ.
1015 1563 1085 1622 cap.
1110 1542 1141 1603 2.
1166 1546 1204 1605 de
1229 1544 1365 1620 Olliciis,
1389 1558 1420 1606 et
1443 1566 1500 1607 nos

179 1642 326 1704 inferius.
371 1641 518 1702 Alterum
540 1638 700 1700 consulem
725 1636 786 1701 Cu.
813 1636 959 1699 Mallium
985 1657 1085 1711 roeo,
1118 1638 1267 1719 qtrouiam
1295 1638 1341 1701 sic
1372 1661 1500 1723 qiroquc

182 1736 358 1816 appellatur
379 1734 410 1795 iu
434 1732 562 1814 antiquo
586 1752 743 1794 marumrc
759 1729 913 1811 Neapoli:
938 1732 1019 1791 raude
1035 1732 1197 1815 Georgius
1213 1732 1379 1795 Fabricius
1399 1734 1499 1814 legem

181 1826 426 1891 aedificantium¹
451 1826 633 1906 descripsit,
658 1828 783 1906 dequo
807 1823 879 1887 Cic.
904 1845 964 1903 pru
988 1824 1119 1886 Plancio
1143 1848 1213 1905 cap.
1232 1827 1263 1888 5.
1283 1830 1434 1908 pupulus
1456 1830 1499 1888 R.

180 1926 223 2004 Q.
250 1924 391 1994 Catulo,
426 1920 461 1982 in
491 1940 626 1982 summa
640 1917 792 2009 faenilia
821 1928 921 1992 nato,
954 1917 1206 1998 sapientissimo
1232 1932 1265 1981 ee
1286 1920 1502 1981 solertissimo

179 2016 271 2087 nir0,
300 2014 502 2095 praeposuit
527 2016 589 2077 Cn.
612 2014 793 2084 Mallium,
825 2031 891 2074 non
917 2012 1029 2071 soleam
1057 2009 1258 2091 ignobilem,
1291 2035 1409 2074 versun
1429 2014 1502 2075 sinc

179 2108 319 2179 virtute,
341 2108 413 2169 sine
436 2107 590 2187 ingenio,
618 2106 805 2167 sitarciam
820 2116 1023 2184 contempta.
1059 2106 1146 2165 Idem
1163 2105 1272 2167 scribit
1289 2128 1348 2187 pro
1366 2109 1503 2168 lllurena

180 2222 251 2282 cap.
276 2202 328 2261 17.
374 2202 436 2261 Sed
466 2201 548 2279 apud
576 2198 762 2271 historicos,
796 2196 849 2280 qui
879 2198 961 2257 lmnc
990 2196 1151 2259 consulem
1184 2198 1300 2259 vietum
1323 2221 1340 2259 a
1364 2198 1502 2262 Cimbris

178 2292 339 2366 scrilmnt,
375 2313 486 2373 magna
517 2291 651 2352 varietas
680 2289 714 2351 in
744 2289 869 2352 nomine
893 2300 924 2351 et
946 2290 1148 2371 praenomine
1169 2290 1347 2365 iuvenitur,
1380 2294 1417 2352 dc
1440 2313 1501 2374 qua

179 2384 329 2469 Sigonius
357 2384 387 2445 in
410 2384 526 2447 Fastis.
569 2386 645 2446 Hoc
674 2405 756 2445 anno
780 2384 823 2463 Q.
847 2382 984 2445 Servilio
1007 2381 1166 2464 Caepioni
1195 2382 1380 2465 proconsr¹²
1403 2384 1502 2464 impc-

179 2478 261 2539 rium
285 2478 455 2560 rogatione
479 2476 519 2541 C.
544 2477 688 2541 Norbani
712 2475 828 2539 tribuni
861 2475 908 2555 pl.
938 2478 1126 2557 abrogatum
1156 2488 1223 2539 cst:
1258 2499 1319 2559 epu
1348 2479 1387 2537 dc
1408 2498 1502 2537 causa

181 2570 291 2632 seditio
314 2570 345 2631 in
369 2572 456 2634 Urbe
479 2569 614 2633 excitata
636 2570 715 2641 fuit,
740 2572 778 2631 ‹lc
801 2590 861 2651 qua
885 2567 1000 2632 Cicero
1024 2570 1079 2631 lib.
1097 2569 1143 2631 lt.
1168 2590 1240 2649 cap.
1257 2570 1310 2631 lt‘l.
1335 2570 1373 2630 de
1389 2570 1496 2644 Orat.,

181 2666 263 2725 raude
293 2666 336 2725 1..
360 2663 488 2728 Cottam
519 2675 549 2725 ct
573 2666 614 2725 T.
639 2662 767 2726 Didium
797 2662 944 2726 Norbani
973 2662 1114 2745 collegas
1141 2661 1240 2724 fnisse
1269 2663 1503 2745 cognoscimus.

180 2757 243 2819 Sed
272 2755 394 2837 Caepio
424 2758 583 2817 damnatus
613 2770 658 2818 cst
692 2757 820 2838 eiusque
851 2757 933 2817 bona
963 2754 1122 2835 publicata
1153 2768 1237 2817 stant.
1289 2755 1400 2818 Livius
1430 2756 1502 2817 libr.

178 2848 329 2911 LXVll.
365 2862 396 2910 ct
425 2851 585 2913 Asconius
616 2850 643 2910 in
676 2848 917 2913 Corneliauam:
957 2849 1009 2912 ubi
1039 2852 1188 2911 mendose
1218 2848 1404 2931 impressum
1435 2860 1500 2920 est,

184 2944 331 3006 Taeterat
357 2955 472 3005 aretem
504 2964 579 3004 earn
605 2942 757 3004 inaximo
781 2956 926 3025 propter
956 2943 1149 3005 simultates
1178 2965 1255 3004 cum
1276 2946 1319 3025 Q.
1344 2940 1500 3015 Caecilio,

184 3046 232 3099 est
254 3035 333 3098 enim
358 3037 544 3119 legendum,
568 3058 644 3097 cum
667 3042 709 3119 Q.
731 3037 893 3111 Seruilio,
920 3036 971 3098 rel
991 3058 1068 3098 curn
1088 3040 1132 3120 Q.
1156 3037 1353 3119 Caepione.²

341 3289 443 3352 Anno
466 3285 567 3350 Urbis
586 3291 778 3353 DCXLIX.
803 3288 978 3353 Ciceronis
998 3293 1066 3355 111.
1091 3310 1179 3352 coss.
1189 3287 1347 3379 ficeramt

393 3430 434 3503 C.
455 3428 646 3506 MARIUS
672 3432 744 3527 ΙΙ..
773 3432 813 3505 C.
842 3432 1057 3509 FLAVIUS
1084 3432 1301 3505 FIMBRIA.

274 3584 316 3651 C.
334 3583 457 3647 Marius
480 3585 590 3647 iterum
617 3587 727 3649 consul
752 3590 902 3653 Kalendis
925 3588 1081 3651 Ianuariis
1103 3589 1141 3651 dc
1156 3590 1310 3673 Iugurtha
1335 3588 1507 3671 triurnpha-

190 3683 247 3745 vit.
281 3680 446 3744 Plutarch.
470 3678 499 3739 iu
523 3680 648 3756 lllario,
675 3682 828 3746 Salustius
851 3684 882 3746 iu
908 3682 1098 3763 lugurtlriuo
1121 3693 1255 3747 extrem.
1279 3683 1321 3747 C.
1336 3683 1506 3746 Fimbriam

190 3772 306 3837 Cicero
329 3794 390 3855 pro
408 3772 539 3835 Plancio
562 3795 635 3855 cap.
655 3774 707 3836 rt.
731 3775 812 3838 inter
835 3797 891 3839 eos
912 3787 1072 3850 retirement,
1097 3777 1168 3859 qui,
1193 3798 1263 3839 cum
1287 3776 1403 3840 tribuni
1420 3779 1504 3857 pleb.

193 3886 260 3928 csse
287 3889 350 3931 uon
380 3865 574 3947 potuissent,
606 3870 752 3930 consules
781 3868 856 3931 lacti
884 3880 968 3930 sum.
1012 3870 1063 3933 De
1085 3871 1151 3931 cius
1174 3870 1353 3951 eloquentia
1375 3872 1454 3932 idem
1476 3870 1506 3929 in

192 3959 295 4022 Bruto
319 3982 389 4040 cap.
412 3962 464 4022 66.
507 3960 567 4021 His
589 3962 771 4024 consulibus
796 3962 837 4027 C.
861 3962 990 4027 Cassius
1013 3965 1055 4025 L.
1082 3964 1121 4025 F.
1145 3962 1333 4043 Longinus,
1365 3964 1505 4025 tribunus

193 4052 283 4133 pleb.
305 4056 413 4133 plures
444 4056 530 4137 leges
559 4057 597 4115 ad
619 4056 812 4118 rrrinueudam
837 4055 1009 4120 nobilitatis
1031 4057 1202 4136 potentiam
1227 4059 1311 4132 tulit,
1343 4058 1373 4118 iu
1396 4055 1506 4135 ‹pribus

193 4146 274 4205 lianc
297 4147 406 4222 etiam,
438 4160 472 4209 ut
498 4169 590 4229 quem
619 4150 759 4229 populus
787 4153 959 4211 damnasset
989 4150 1079 4210 cuive
1110 4148 1273 4229 imperium
1305 4154 1505 4229 abrogasset,

193 4236 224 4300 iu
254 4252 364 4299 senatu
400 4262 439 4301 ne
467 4252 561 4305 esset.
608 4242 766 4304 Asconius
799 4243 830 4304 iu
859 4241 1092 4317 Cornelianum,
1144 4246 1206 4307 Ed.
1239 4244 1353 4307 llaiteri
1390 4265 1422 4320 p.
1455 4242 1506 4301 78.

194 4330 272 4392 Iloc
300 4351 381 4392 antro
409 4330 449 4394 C.
479 4332 597 4395 Lusius
626 4334 769 4395 tribunus
800 4335 891 4397 milit.
920 4334 1019 4397 Marii
1048 4357 1163 4400 sorore
1191 4351 1297 4411 natus,
1331 4334 1509 4415 ptmieitiam

192 4444 262 4484 cum
292 4423 431 4503 eriperet
455 4426 621 4488 Trebonio
648 4426 717 4489 sire
740 4426 781 4491 C.
808 4428 918 4491 Plotio
949 4429 1053 4504 militi,
1087 4431 1271 4495 interfectus
1299 4431 1338 4489 ab
1367 4448 1407 4491 co
1440 4442 1507 4502 est,

193 4515 244 4577 cui
259 4516 320 4577 vim
337 4517 502 4578 afferebat.
538 4521 638 4599 Quem
655 4542 724 4583 cum
741 4522 867 4585 Marius
889 4521 1008 4582 scelere
1029 4524 1165 4585 solutum
1188 4521 1329 4605 periculo
1346 4519 1511 4583 liberasset

195 4679 261 4810 Gt)
287 4681 353 4811 8:57
375 4679 463 4810 ligem
484 4682 632 4736 PantETt
653 4684 853 4740 FdClVNDO.
890 4686 946 4741 Cir.
966 4688 1165 4762 lusertprlones
1190 4703 1264 4743 meas
1292 4688 1351 4743 tn.
1372 4688 1406 4742 N.
1428 4692 1509 4749 3697.

223 4774 276 4809 eut.
300 4800 314 4811 .
340 4794 371 4819 ,,
412 4793 419 4806 .

231 4831 261 4904 2)
282 4832 315 4884 ln
335 4828 384 4885 Ed.
406 4832 507 4885 Balacri
528 4848 553 4903 p.
576 4838 638 4901 78„
659 4832 706 4887 nbi
727 4852 766 4890 est
786 4856 847 4891 enm
866 4838 900 4910 Q.
920 4840 1052 4893 Servilio.
