3218 5310
174 231 216 296 ⁵0
577 232 629 298 M.
651 230 813 298 TULLII
835 227 1088 301 CICERONIS

152 406 154 411 -
173 372 213 436 sit
233 372 415 455 proiectus,
437 381 533 458 atque
554 375 594 436 ad
615 373 849 439 confirmandos
868 373 992 439 animos
1011 375 1171 441 bonorum
1193 373 1308 443 cisium
1329 387 1363 441 et
1385 374 1499 445 inirin-

172 470 296 550 gendos
324 467 509 533 coniuratos
537 460 701 554 utriusque
730 469 831 551 partis
856 468 966 552 copias
991 468 1077 533 inter
1102 490 1138 533 se
1165 481 1343 555 comparat.
1394 472 1496 541 Post-

172 582 266 649 qnam
288 562 413 627 Romae
434 575 633 645 compertum
655 561 715 626 luit
744 561 911 628 Catilinam
940 563 972 627 in
1000 573 1105 627 castra
1133 563 1287 629 Malliana
1310 565 1494 649 protensam

172 679 262 732 esse,
285 667 410 720 senatus
427 653 596 721 Catilinam
618 668 651 721 et
665 656 809 720 Mallium
831 658 941 722 hostes
960 655 1128 725 iudicarit-s
1151 657 1294 725 decrevit
1313 669 1496 742 praeterea,

171 750 218 816 uti
241 752 388 816 consules
410 750 565 815 delectum
586 752 759 826 habereut,
783 749 944 816 Antonius
965 773 1035 816 eum
1059 751 1204 817 exercitu
1228 751 1401 823 Catilinam
1422 776 1498 839 per·

172 844 262 930 sequi
284 855 474 921 maturaret,
499 843 620 910 Cicero
635 843 720 911 Urbi
739 844 899 930 praesidio
921 858 1023 921 esset,
1047 857 1180 911 auctore
1193 846 1334 916 Salustio
1356 870 1432 931 esp.
1445 849 1499 917 dh.

103 942 106 953 '
171 938 308 1004 Catilina
330 939 391 1003 iarn
414 940 529 1004 bellum
556 950 705 1025 gerente,
739 962 810 1003 cum
838 940 907 1006 eius
934 940 1015 1005 socii
1043 941 1075 1004 in
1106 941 1196 1007 Urbe
1225 941 1327 1007 relicti
1358 944 1497 1011 sodo·

171 1047 277 1100 essent
305 1033 531 1117 deprehensi¹,
570 1033 689 1100 Cicero
719 1035 889 1098 Murenam
918 1037 1081 1102 consulem
1111 1035 1308 1122 designatam
1337 1037 1495 1115 dslssdits

169 1141 206 1194 ut
227 1151 268 1194 ex
290 1129 358 1213 ipsa
388 1129 536 1195 oratione
566 1149 639 1212 cap.
670 1129 723 1194 27.
751 1149 843 1213 seqq.
868 1140 901 1194 et
922 1152 983 1215 pro
1006 1131 1127 1195 Flacco
1149 1152 1222 1214 esp.
1244 1131 1300 1197 ³9.
1323 1133 1496 1216 apparet-⁸

169 1226 374 1289 Accusarunt
394 1244 466 1288 eum
488 1225 528 1302 de
551 1222 670 1287 ambitu
697 1224 770 1286 Ser.
793 1223 971 1307 Sulpicius,
1008 1225 1061 1288 M.
1092 1224 1231 1291 Porcius
1259 1223 1344 1291 Cato
1370 1236 1405 1292 et
1428 1223 1492 1293 Ca.

169 1317 366 1383 Postumius.
411 1317 571 1400 Sulpicius
594 1316 786 1401 competitor
807 1317 874 1383 eius
895 1319 1001 1384 luerat
1022 1329 1055 1381 et
1075 1318 1235 1401 repulsam
1255 1318 1389 1385 tulerat.
1430 1318 1494 1387 Cs-

170 1424 278 1478 tonem
301 1411 495 1476 Plutarchus
515 1410 637 1510 in'eius
660 1408 723 1473 rita
745 1410 858 1475 scribit
878 1413 1015 1490 iurasse,
1050 1404 1270 1477 aceruatarum
1294 1434 1350 1494 se,
1381 1434 1492 1497 qne*

169 1529 294 1593 cunque
314 1504 479 1589 pecuniam
507 1506 631 1589 populo
658 1507 734 1568 dare
761 1507 989 1590 cognovisset,
1022 1504 1159 1591 ideoque
1187 1507 1347 1572 Murenae
1376 1526 1491 1573 non

170 1606 211 1667 ab
233 1624 273 1667 eo
296 1602 431 1665 delatum
456 1621 545 1676 esse,
574 1602 662 1684 qnod
687 1598 714 1664 is
736 1599 868 1682 pecunia
890 1599 1065 1675 effecisset,
1097 1611 1133 1663 ut
1152 1600 1265 1666 consul
1287 1622 1360 1665 curn
1381 1600 1490 1669 She

170 1696 403 1782 designaretur.
446 1695 669 1761 Defenderunt
691 1695 861 1758 Murenam
884 1694 929 1774 Q.
952 1692 1164 1772 Hortensius,
1188 1695 1238 1761 M.
1254 1692 1414 1772 Crassus,
1438 1694 1491 1761 M·

170 1790 310 1857 cicero:
344 1789 418 1876 qui,
452 1810 523 1854 cnm
546 1787 755 1855 Hortensium
783 1788 985 1872 eloquentiae
1011 1787 1187 1853 landertun
1208 1788 1378 1854 florentem
1398 1808 1493 1874 sape·

168 1905 242 1948 rare
256 1886 482 1961 contenderet,
506 1883 622 1947 nullam
640 1892 762 1966 partem
785 1880 889 1946 noctis
911 1881 1114 1968 conquievit,
1137 1903 1238 1968 nsque
1255 1903 1315 1958 oo,
1337 1893 1375 1947 nt
1390 1878 1494 1947 sistis

168 1979 253 2042 cirris
282 1989 315 2041 et
343 1975 462 2062 vigiliis
493 1976 645 2053 afflictus,
680 1973 814 2040 inferior
849 1997 941 2060 qtram
971 1976 1023 2039 ille
1052 1975 1082 2038 in
1113 1975 1238 2041 actione
1272 1975 1361 2041 visos
1387 1974 1497 2043 tamn.

28 2077 34 2096 ⁸
169 2073 260 2136 Haec
282 2071 472 2135 Plutarchus
493 2069 525 2134 in
540 2068 700 2137 Cicerone
721 2092 793 2152 cap.
810 2071 878 2147 35„
902 2080 935 2132 ut
957 2091 1021 2155 ego
1042 2067 1229 2152 iampridem
1251 2080 1494 2137 converterant

168 2166 223 2228 ubi
251 2166 341 2250 quand
369 2163 423 2228 alii
450 2159 495 2251 μὴ
525 2167 661 2240 addunt,
699 2165 752 2229 alii
780 2159 884 2230 αὑτοῦ
912 2184 973 2245 pro
997 2160 1099 2230 αὐτοῦ
1121 2164 1249 2248 legunt,
1284 2164 1376 2230 nullo
1398 2167 1495 2231 modo

167 2259 308 2342 probare
330 2259 494 2340 possum.³
537 2258 669 2321 Interim
689 2259 730 2324 P.
749 2259 906 2322 Lentulus
929 2260 1011 2321 Sura
1033 2256 1158 2341 legatos
1178 2257 1417 2343 Allobrogum,
1440 2257 1496 2345 qui

168 2355 303 2419 Romam
325 2363 471 2437 questum
494 2353 534 2415 do
555 2351 688 2416 avaritia
709 2352 952 2438 magistratuum
972 2361 1144 2426 venerant,
1168 2349 1354 2415 sollicitavit
1372 2372 1495 2438 eosque

169 2447 203 2510 in
224 2445 361 2511 Galliam
391 2448 431 2510 ad
459 2467 535 2510 suos
562 2445 650 2510 cives
677 2468 747 2509 carm
769 2444 887 2508 'litteris
914 2442 1010 2508 misit.
1062 2444 1183 2526 Cicero
1211 2446 1298 2510 omni
1324 2466 1363 2511 ro
1390 2466 1492 2531 opera

171 2543 213 2623 Q.
235 2538 328 2604 Fabii
349 2542 494 2626 Sangae,
528 2536 655 2624 patroni
685 2538 823 2603 civitatis
853 2539 1091 2624 Allobrogum,
1126 2539 1254 2624 cognita
1282 2540 1326 2605 1..
1355 2538 1494 2606 Valerio

166 2638 288 2702 Flacco
310 2645 341 2698 et
356 2633 399 2701 C.
421 2634 610 2718 Pomptinio
632 2631 832 2717 praetoribus
853 2631 1039 2715 imperarit,
1063 2644 1097 2697 ut
1117 2633 1150 2696 in
1170 2644 1270 2715 ponte
1286 2632 1418 2701 Mulvio
1432 2652 1493 2717 pst·

165 2728 293 2795 insidias
316 2729 533 2813 Allobrogum
556 2727 724 2792 comitatus
746 2729 1034 2812 deprehenderent.
1078 2726 1183 2813 Igitur
1200 2729 1265 2793 tv.
1288 2731 1403 2795 Nonas
1423 2730 1494 2797 Ds-

167 2827 289 2889 cembr.
319 2844 390 2886 cum
420 2825 718 2905 advesperasceret,
757 2823 883 2886 occulte
911 2844 951 2887 eo
980 2822 1139 2905 proiecti,
1177 2822 1271 2887 tertis
1291 2823 1362 2889 lere
1384 2822 1495 2909 vigilia

166 2929 294 2995 exacta,
329 2916 531 3001 Allobroges
552 2936 623 2979 cum
646 2914 797 2980 comitatu
819 2928 852 2980 et
872 2916 985 2998 litteris
1007 2918 1316 3000 comprehenderunt
1337 2929 1434 3004 atque
1453 2919 1494 2981 sd

169 3010 380 3085 Ciceronem,
405 3032 478 3075 cum
498 3010 560 3073 mm
582 3009 805 3088 dilucesceret,
836 3012 1046 3076 deduxerunt.
1090 3013 1134 3075 A.
1158 3013 1191 3075 d.
1213 3011 1279 3077 111.
1301 3011 1414 3077 Nonas
1435 3008 1495 3078 Ci-

167 3126 243 3172 eero
266 3104 428 3189 principes
450 3104 681 3187 conbustionis
709 3108 749 3168 ad
774 3127 809 3170 se
840 3106 948 3171 venire
976 3105 1069 3170 iussit
1095 3116 1127 3168 et
1153 3116 1294 3170 senatum
1324 3103 1356 3179 in
1383 3105 1493 3171 seth·

166 3199 372 3287 Concordiae
394 3198 565 3264 vocarint
608 3198 659 3263 lbi
681 3201 725 3263 Τ.
748 3200 911 3264 Volturcii
941 3212 974 3264 et
997 3200 1214 3282 Allobrogum
1235 3196 1360 3265 indiciis
1381 3198 1495 3265 eoniu-

165 3293 250 3359 ratio
278 3293 380 3359 omnis
417 3295 576 3377 patefacta
606 3304 667 3359 est.
718 3296 914 3360 Introductis
946 3295 977 3358 iu
1006 3305 1144 3357 sensuam
1181 3292 1336 3357 indicibus
1373 3291 1494 3359 Cicero

165 3386 329 3453 coustituit
351 3387 393 3453 C.
416 3386 632 3464 Cosconium,
657 3390 710 3452 M.
732 3390 923 3467 Messalam,
950 3391 988 3454 P.
1011 3387 1192 3472 Nigidium,
1216 3391 1284 3470 Ap.
1307 3384 1490 3463 Claudium,

165 3482 222 3568 qui
250 3481 354 3546 omnia
381 3480 518 3545 indicum
547 3482 648 3559 dicta,
683 3482 897 3568 interrogata,
931 3503 1085 3565 respousa
1112 3482 1370 3563 perscriberents
1401 3480 1491 3563 quod

164 3575 235 3658 ipse
256 3597 319 3659 pro
341 3576 428 3640 Sulla
456 3595 529 3659 cap.
554 3577 606 3640 ll.
634 3576 746 3641 relert.
792 3580 875 3643 Tum
903 3578 1080 3653 Lentulus,
1113 3575 1297 3660 Cethegus,
1327 3572 1488 3649 Statilius,

166 3670 322 3734 Gabinius
344 3679 376 3733 et
398 3668 575 3752 Caeparius
596 3691 637 3734 ex
659 3672 695 3735 S.
725 3671 766 3737 C·
796 3671 828 3735 iu
857 3672 1032 3737 custodiam
1061 3681 1133 3735 sunt
1156 3669 1284 3745 traditi3
1317 3688 1403 3756 quse
1432 3665 1491 3733 Ci-

162 3784 240 3829 cero
262 3763 293 3827 iu
310 3762 438 3830 Catilin.
455 3763 542 3840 III.,
567 3762 722 3828 Salustius
743 3786 815 3848 rap.
831 3767 882 3830 to.
896 3788 1008 3852 seqq„
1032 3765 1241 3841 Plutarchus,
1265 3760 1437 3846 Appianns
1456 3771 1490 3827 ot

163 3857 229 3923 Dio
252 3858 397 3941 pluribus
419 3856 526 3922 verbis
548 3869 727 3940 exponunt.
764 3859 816 3922 Eo
839 3859 889 3922 dio
909 3872 1036 3924 senatus
1059 3855 1214 3924 Ciceroni
1234 3868 1348 3943 togspu
1370 3874 1437 3921 nun
1454 3862 1490 3919 st

132 3986 139 4005 .
163 3951 269 4015 miultis
296 3952 377 4015 bene
411 3961 538 4036 gestae,
568 3953 625 4013 sed
654 3961 690 4014 nt
717 3951 833 4015 nemini
861 3966 1069 4019 conservatae
1096 3951 1144 4017 rei
1171 3951 1318 4036 publicae
1346 3948 1490 4015 testinn-

163 4042 247 4106 nium
263 4045 349 4109 dedit
363 4055 395 4108 et
417 4042 569 4128 singulari
585 4066 705 4128 genere
724 4046 963 4129 supplicationis
978 4050 1111 4112 deorum
1129 4044 1356 4110 immortalium
1370 4039 1490 4125 templs

162 4137 331 4219 patclecit3
363 4139 393 4203 in
417 4140 511 4203 Orat.
532 4138 563 4204 in
585 4136 737 4204 Pisonem
762 4161 835 4225 cap.
857 4141 890 4204 3.
935 4140 1085 4207 Eiusdem
1107 4137 1348 4223 supplicationis
1369 4133 1490 4201 mentis

163 4240 215 4312 est
237 4229 367 4296 Catilio.
384 4232 451 4297 III.
474 4252 546 4317 cap.
571 4235 623 4295 10.
646 4243 677 4296 et
698 4233 764 4298 IV.
787 4255 859 4317 cap.
882 4234 937 4311 3.,
962 4234 1103 4317 Philipp.
1118 4234 1166 4298 11.
1188 4254 1260 4315 cap.
1285 4233 1317 4293 1.
1339 4241 1372 4294 et
1389 4225 1489 4295 xtv.

198 4373 228 4436 1)
248 4367 307 4425 cte.
326 4373 443 4429 Fsrrstli
465 4374 542 4447 ttpp.
555 4392 583 4448 p.
603 4378 669 4435 257.

199 4444 229 4518 2)
250 4444 356 4498 Consul
373 4464 429 4517 ego
447 4466 535 4517 nuper
553 4445 672 4520 dellnds'
690 4446 721 4502 C.
742 4446 887 4513 Pisonem,
914 4453 975 4519 qut,
996 4447 1061 4519 paida
1079 4444 1179 4499 comat
1186 4442 1286 4518 sorrls
1303 4449 1490 4516 comtsnsqsss

152 4515 277 4591 fecerat,
303 4522 449 4575 incolumis
467 4532 511 4576 est
529 4528 572 4575 rei
587 4523 715 4595 pisticae
740 4532 934 4579 conservatus.
974 4522 1102 4595 Definds'
1125 4527 1193 4574 seem
1216 4519 1317 4574 comat
1332 4519 1366 4574 1.
1384 4518 1490 4573 uan-

160 4612 228 4648 nom
246 4597 385 4649 comatam
404 4597 593 4668 designatus.
634 4600 688 4654 Pro
706 4598 809 4654 rtaoeo
827 4601 875 4658 59.

200 4672 232 4738 5)
252 4671 337 4725 Recte
356 4668 429 4745 spnd
449 4671 627 4729 scharim
652 4693 680 4750 p.
705 4674 772 4735 Ml.
798 4672 838 4739 ebe
855 4669 915 4733 ὑπὸ
931 4673 988 4732 τοῦ
1013 4668 1137 4753 σφόδρα
1161 4677 1330 4754 φροντίσαι
1347 4665 1404 4731 καὶ
1422 4666 1490 4733 δια·

162 4747 304 4876 ppnasipp
361 4745 518 4814 κακωθεὶς
541 4746 727 4831 ἐνδεέστερος
746 4746 845 4811 αὑτοῦ
869 4752 1017 4826 φανῆναι.

195 4816 228 4895 1)
248 4820 270 4876 C
299 4825 413 4879 .stlsm
431 4821 553 4901 Phlllpp.
572 4828 609 4896 2,
631 4832 663 4896 7,
682 4828 728 4886 16.
