3218 5310
684 264 924 331 HlS'l'ORlA.
1421 267 1459 328 ti

139 413 172 467 et
194 412 336 467 notatam
358 424 394 466 se
415 400 596 466 discrimine
618 402 701 466 sedis
723 426 827 488 aequo
849 404 952 466 auimo
968 402 1094 480 tulerit:
1116 416 1152 467 ut
1165 403 1288 471 Plinius
1307 405 1366 469 lib.
1381 405 1464 470 Vll.

138 518 214 580 cap.
237 496 293 560 30.
315 507 460 561 testatur.
506 497 697 562 Plutarchus
727 519 806 562 vero
835 497 963 572 scribit,
991 501 1116 581 plebem
1146 521 1187 562 ex
1215 501 1291 562 aede
1313 498 1465 562 Bellonae

135 589 349 683 inttbeatrurn
371 611 534 654 reversam
561 591 682 655 Othoni
712 613 858 675 magnum
889 593 1031 674 plausirm
1061 591 1183 656 dedisse
1206 594 1298 656 etde
1321 594 1464 656 ornando

137 686 213 749 viro
246 685 386 773 equestri
413 686 518 750 ordini
546 686 621 749 nihil
650 685 859 750 concessisse.
913 687 1035 767 Quarta
1066 686 1173 751 oratio
1199 686 1375 751 consularis
1403 707 1465 768 pro

136 778 277 844 Rabirio
299 790 423 854 exstat,
446 780 503 841 sed
523 778 722 860 imperfecta.
766 780 858 843 Unde
880 791 951 843 orta
975 783 1053 844 haec
1075 792 1167 843 causa
1188 780 1302 854 fuerit,
1331 778 1465 842 diximus

136 895 235 956 supra
257 876 298 937 ad
319 894 432 936 annum
447 870 633 947 Donni„
658 894 722 957 qno
739 872 923 936 Saturninus
939 876 1064 961 occisus
1079 873 1152 939 inin
1188 874 1264 939 Hoc
1286 894 1365 937 vero
1387 883 1466 935 tem·

135 991 221 1053 pore
244 968 287 1035 C.
311 969 413 1033 Iulius
437 967 557 1033 Caesar
580 971 623 1031 T.
646 966 824 1031 Labienum
853 969 1060 1044 subornarit,
1092 969 1147 1054 qui
1169 966 1212 1032 C.
1235 966 1370 1032 Rabirio
1392 986 1466 1047 per·

136 1062 308 1129 duellionis
329 1062 410 1126 diem
433 1061 575 1135 diceret:
598 1073 633 1124 ut
655 1058 879 1127 Suetonius'in
903 1062 999 1127 Caes.
1022 1085 1100 1146 cap..
1121 1063 1172 1125 12.
1195 1061 1325 1135 scribit,
1349 1071 1380 1122 et
1401 1057 1466 1122 Dio

136 1156 287 1239 pluribus
315 1154 425 1220 verbis
454 1153 538 1218 libro
561 1157 750 1219 XXXVll.
775 1157 842 1218 26.ι
886 1158 947 1220 Est
975 1168 1078 1219 autern
1108 1155 1283 1238 perduellio
1312 1172 1467 1215 sirmmurn

136 1251 319 1315 imminutae
341 1248 508 1314 maiestatis
529 1250 667 1313 crimen:
698 1250 823 1332 dequo
847 1250 1022 1326 duumuiri,
1046 1273 1063 1313 a
1087 1251 1207 1332 populo
1230 1247 1346 1324 creati,
1371 1266 1467 1329 quae·

136 1366 211 1408 rere
234 1343 401 1416 solebant:
427 1345 515 1425 quod
536 1355 627 1406 vetris
649 1344 702 1406 lex
723 1345 807 1426 apud
828 1343 956 1408 Livimn
981 1345 1064 1410 libro
1088 1346 1117 1408 l.
1140 1367 1213 1427 cap.
1237 1344 1290 1405 26.
1315 1339 1465 1407 ostendit.
1541 1360 1544 1365 ·

137 1440 255 1524 ltaque
272 1435 314 1503 C.
329 1446 362 1499 et
376 1437 422 1500 L.
440 1436 609 1510 Caesares,
634 1437 791 1501 duumviri
814 1438 843 1501 in
867 1440 926 1501 bac
948 1460 1042 1502 eausa
1063 1438 1180 1513 creati,
1204 1458 1267 1500 uou
1291 1457 1307 1497 a
1330 1433 1466 1517 populo,

137 1545 172 1596 nt
194 1531 297 1598 moris
321 1540 410 1604 erat,
433 1533 489 1594 sed
511 1551 528 1592 a
549 1542 717 1612 praetore,
742 1534 828 1615 qnod
851 1554 914 1596 non
937 1533 1070 1608 licebat,
1094 1532 1259 1598 Rabirium
1279 1532 1468 1594 condemna·

136 1638 232 1702 runt,
263 1636 300 1689 ut
326 1623 393 1689 Dio
421 1622 545 1688 scribit.
589 1623 630 1689 C.
655 1624 797 1699 Caesar,
829 1638 962 1693 auctore
990 1627 1164 1702 Suetonio,
1197 1637 1285 1688 sorte
1314 1622 1415 1687 iudex.
1436 1621 1468 1683 in

135 1742 226 1784 num
250 1720 366 1782 ductus
387 1728 448 1781 tam
470 1718 583 1799 cuspide
606 1718 847 1796 condemnavit,
878 1723 914 1789 'ut
944 1722 982 1782 ad
1005 1719 1157 1802 populum
1180 1715 1371 1800 provocanti
1391 1711 1469 1776 nihil

137 1834 243 1896 aeque
271 1833 309 1876 ac
336 1812 450 1874 iudicis
479 1810 636 1874 acerbitas
664 1813 836 1894 profuerit.
882 1813 1215 1894 Populo‘appellato,
1245 1808 1370 1873 comitia
1392 1827 1467 1870 cen·

136 1907 275 1982 turiata,
311 1905 425 1991 mribus
447 1906 485 1968 de
506 1904 730 1986 perduellione
751 1905 883 1969 iudicari
904 1906 1047 1979 solebat,
1079 1905 1109 1967 in
1133 1927 1246 1986 campo
1269 1904 1390 1968 Martio
1412 1905 1468 1965 ha·

138 2000 204 2065 bita
228 2011 322 2074 arant,
346 2000 400 2063 ubi
421 1999 533 2063 consid
557 1998 676 2063 Cicero
701 1998 742 2064 C.
765 2000 933 2063 Rabirium
956 1999 1114 2075 defendit,
1147 2011 1211 2061 turn
1234 2003 1321 2083 quod
1343 2011 1467 2063 senatus

137 2091 279 2179 irnperio
300 2093 476 2178 paruisset,
498 2103 565 2155 turin
588 2096 676 2177 quod
697 2095 789 2156 fidem
812 2093 970 2175 publicam
993 2115 1055 2157 nou
1079 2092 1250 2169 violasset,
1275 2115 1369 2179 qrsam
1392 2093 1466 2156 Ma·

136 2188 205 2253 sius
226 2188 295 2252 sine
317 2190 355 2251 S.
374 2186 420 2252 -C.
442 2190 518 2250 dare
540 2208 603 2249 nou
627 2188 795 2269 potuisset.
840 2189 890 2251 De
915 2189 972 2250 hac
995 2209 1088 2250 carisa
1110 2187 1142 2250 in
1165 2188 1314 2250 Pisonem
1341 2208 1413 2269 cap.
1437 2186 1469 2250 2.

137 2285 219 2347 haee
245 2281 349 2345 dixit:
391 2284 469 2364 Ego
496 2281 532 2342 in
559 2283 598 2346 C.
629 2281 773 2345 Rabirio
797 2281 1041 2364 perduellionis
1070 2301 1129 2344 reo
1156 2284 1233 2345 XL.
1261 2279 1363 2342 anuis
1388 2290 1469 2341 onte

136 2400 190 2441 me
211 2376 390 2439 consulem
411 2374 652 2456 interpositam
672 2385 813 2462 seramus
833 2375 1075 2439 auctoritatem
1101 2374 1251 2437 sustinui
1272 2385 1395 2436 eontra
1416 2372 1469 2436 in·

137 2468 269 2533 sidiam
288 2478 393 2552 atque
415 2465 572 2558 defendi.
616 2468 668 2531 De
690 2473 799 2531 eadem
820 2468 851 2532 in
875 2470 1016 2533 Oratore
1039 2489 1111 2550 cap.
1136 2469 1189 2532 29.
1212 2471 1273 2533 lus
1295 2486 1394 2530 omne
1414 2489 1469 2529 re·

136 2561 301 2625 timendae
323 2562 514 2626 maiestatis
535 2562 672 2627 Rabirii
692 2584 798 2627 causa
812 2562 1065 2627 continebatur:
1086 2583 1172 2644 ergo
1186 2562 1222 2624 in
1236 2560 1332 2624 omni
1344 2580 1468 2643 genere

136 2655 426 2740 amplificationis
447 2656 658 2736 sumsimus.
706 2656 824 2737 Quinta
854 2657 959 2719 oratio
990 2656 1166 2719 consularis
1187 2654 1248 2718 luit
1269 2655 1307 2717 ue
1330 2652 1470 2735 proscri-

137 2762 271 2831 ptorum
292 2749 414 2813 liberis.
460 2749 505 2812 Hi
526 2762 617 2825 seint,
650 2771 732 2833 quos
755 2752 946 2815 Plutarchus
975 2751 1006 2813 in
1029 2749 1102 2814 Cic.
1126 2770 1156 2812 e.
1178 2748 1231 2811 12.
1254 2748 1366 2811 scribit
1396 2749 1469 2830 lege

138 2841 294 2908 Cornelia
321 2843 498 2907 honoribus
527 2844 694 2919 exclusos,
729 2867 799 2907 cum
830 2866 933 2929 neque
961 2844 1075 2907 infirmi
1103 2864 1205 2927 neque
1234 2842 1327 2924 pauci
1349 2851 1469 2913 essent,

140 2936 301 3019 populum
317 2936 513 3001 concitasse:
537 2960 575 3000 ac
589 2938 669 3001 iuste
685 2940 811 3022 qsridem
827 2939 933 3002 Sullae
950 2937 1144 3017 tyrannidem
1159 2956 1335 3012 accusasse,
1359 2956 1470 2998 veruna

139 3031 244 3095 alieno
260 3041 408 3113 tempore
425 3052 492 3094 rem
507 3031 665 3114 publicam
680 3035 898 3114 perturbasse.
925 3031 1073 3096 Dictator
1088 3029 1171 3093 enim
1186 3031 1272 3093 Sulla
1287 3049 1352 3094 non
1367 3030 1470 3092 solnm

137 3124 286 3189 inimicos
308 3144 383 3189 suos
405 3124 618 3207 proscripsit:
649 3129 705 3188 sed
727 3148 837 3190 eorum
859 3126 950 3189 etiarn
973 3124 1057 3189 lilios
1079 3125 1286 3206 petendorum
1309 3112 1483 3204 honornm'·

137 3216 208 3281 inre
229 3216 306 3302 lege
328 3218 389 3281 lata
413 3217 570 3301 privarit:
603 3232 749 3282 auctores
771 3230 845 3282 srrnt
867 3219 1058 3282 Plutarchus
1081 3219 1111 3280 iu
1134 3217 1244 3294 Sulla,
1279 3218 1469 3282 Paterculus

136 3310 196 3375 lib.
220 3311 268 3377 ll.
291 3332 365 3394 cap.
388 3311 440 3375 28.
464 3323 497 3374 et
519 3312 693 3392 Dionysius
717 3314 978 3376 Halicarnasseus
1001 3312 1058 3374 lib.
1077 3312 1199 3388 vni„
1224 3310 1281 3395 qui
1302 3310 1389 3373 addit
1409 3309 1470 3373 illis

137 3406 233 3469 etiam
255 3403 376 3467 aditum
399 3404 428 3468 iu
452 3417 591 3468 senatum
615 3408 813 3470 obstructum
836 3408 946 3471 husae.
990 3408 1104 3491 ltaque
1126 3409 1305 3490 petentibus
1328 3406 1408 3480 illis,
1438 3416 1471 3467 ut

140 3498 215 3585 lege
246 3494 401 3563 Cornelia
431 3499 587 3584 abrogata
618 3503 881 3581 capessendorum
910 3503 1068 3564 honorum
1099 3513 1241 3584 potestas
1270 3499 1331 3564 sibi
1361 3501 1470 3570 neren

140 3589 263 3657 Cicero
285 3592 397 3655 eonsrrl
420 3591 556 3655 restitit:
588 3614 648 3676 qua
671 3595 709 3656 de
731 3615 766 3656 re
789 3594 1001 3675 Quintilianus
1030 3595 1089 3659 lib.
1113 3596 1177 3660 Xl.
1208 3617 1278 3679 cap.
1300 3598 1332 3658 1.
1364 3601 1396 3671 §.
1419 3592 1470 3657 85.

140 3694 175 3749 et
196 3682 318 3749 Cicero
339 3683 371 3748 in
387 3685 536 3749 Pisonem
559 3708 631 3769 cap.
646 3687 677 3752 2.
714 3692 795 3772 Ego
815 3691 1046 3753 adolescentes
1067 3689 1173 3755 bonos
1195 3702 1228 3753 et
1238 3687 1386 3781 sortes,
1411 3685 1473 3749 sed

138 3799 224 3842 assos
245 3798 290 3842 ea
306 3779 500 3844 conditione
502 3778 696 3870 fortunae,
711 3794 761 3858 ut,
778 3783 811 3845 si
824 3795 937 3847 essent
951 3785 1178 3869 magistratus
1191 3785 1319 3870 adepti,
1343 3782 1395 3846 rei
1406 3803 1472 3864 pu·

140 3870 248 3937 blieae
260 3883 388 3936 statum
398 3875 594 3938 convolsuri
605 3876 813 3952 viderentur,
826 3877 908 3940 aneis
919 3877 1120 3954 inimicitiis,
1131 3881 1226 3942 nulla
1234 3890 1373 3943 senatus
1381 3877 1473 3939 mala
1555 3899 1558 3903 ·

139 3965 282 4051 gratia,
306 3966 527 4031 comitiorum
548 3968 683 4034 ratione
700 3970 848 4052 privari.
892 3972 978 4035 Hinc
999 3973 1122 4039 Plinius
1144 3973 1199 4037 lib.
1218 3973 1299 4037 Vll.
1321 3993 1392 4054 cap.
1417 3971 1470 4034 30.

141 4059 336 4128 Ciceronem
360 4061 542 4143 appellans,
578 4065 627 4126 Te
649 4076 789 4143 orapte,
821 4063 938 4147 inqiut,
966 4068 1244 4151 proscriptorum
1263 4067 1390 4130 liberos
1411 4066 1472 4130 ho-

139 4174 245 4219 rrores
272 4164 390 4238 petere
418 4157 556 4239 laudarit.
609 4158 738 4220 Sextaur
770 4157 946 4223 orationem
976 4162 1172 4225 consularem
1200 4161 1252 4223 M.
1277 4159 1401 4223 Tullius
1432 4161 1472 4223 ad

145 4247 294 4313 Atticum
318 4261 475 4326 numerat,
500 4273 591 4337 quam
614 4251 743 4326 habuit,
769 4274 839 4315 cum
862 4253 1057 4336 provinciam
1079 4254 1111 4317 in
1133 4252 1288 4318 concione
1311 4253 1472 4337 deposuit.

144 4341 340 4406 Provincias
362 4355 488 4408 senatus
511 4346 692 4409 consulibus
714 4347 784 4431 lege
799 4347 986 4430 Sempronia
1003 4349 1190 4411 decreverat
1202 4349 1425 4413 Macedoniam
1442 4360 1473 4411 et

143 4434 281 4500 Galliam
297 4436 491 4519 cisalpinam.
524 4439 767 4516 Macedoniarn,
790 4452 825 4504 ut
839 4441 903 4505 Dio
919 4442 1028 4505 scribit
1044 4441 1230 4506 XXXVII.
1246 4441 1312 4519 33,
1340 4442 1470 4515 Cicero,

179 4596 211 4661 1)
239 4592 283 4647 De
304 4591 402 4647 iudicii
423 4593 565 4647 Rabiriani
585 4612 683 4665 genere
716 4591 767 4649 cla.
787 4593 971 4649 Niebuhriunr
990 4597 1097 4668 Fragor.
1122 4597 1183 4652 Cio.
1202 4595 1253 4653 Ed.
1274 4599 1352 4652 Rom.
1378 4616 1407 4670 p.
1427 4599 1473 4655 69.

144 4668 223 4739 ,Aut
248 4685 393 4740 nunqnam
418 4667 616 4742 perduellionis
643 4667 776 4723 iudicium
800 4673 829 4722 ln
849 4670 992 4724 Rabirium
1012 4683 1027 4722 a
1047 4673 1150 4744 populo
1168 4671 1295 4726 habitum
1314 4689 1392 4736 esse,
1417 4686 1474 4737 ans,

145 4739 283 4815 slqstdam
301 4743 380 4797 illins
400 4742 553 4818 perieulum
574 4743 677 4798 callido
696 4747 732 4815 Q.
754 4746 864 4800 Metelli
889 4744 1008 4799 consilio
1027 4744 1171 4820 depnlsnu
1191 4745 1290 4814 inerit,
1315 4749 1350 4802 T.
1369 4745 1474 4801 Labie-

146 4834 213 4873 nana
231 4818 325 4877 eidem
344 4836 392 4875 seo
413 4819 528 4874 mulam
549 4823 701 4893 irrogasse,
725 4839 758 4875 ex
776 4825 837 4896 ipsa
855 4826 981 4877 oratione
1001 4826 1146 4899 perspicue
1165 4823 1357 4897 intelligitur.”
