3218 5310
691 263 931 330 HISTORIA.
1072 305 1073 309 =
1376 326 1380 330 ,
1429 265 1469 330 29

139 403 354 481 inolevisset,
391 403 491 468 hodie
526 415 559 466 te
598 404 674 468 istie
711 426 847 468 muscae
881 404 1119 469 comedissent.
1172 404 1333 468 Videntur
1366 419 1469 470 autem

139 498 293 562 consules
314 518 335 561 a
357 495 477 560 Sicinio
499 497 648 579 producti
677 497 794 575 fuisse,
819 521 888 560 cum
912 499 942 562 id
965 500 1048 582 egit,
1080 511 1114 560 ut
1139 498 1305 561 tribunicia
1328 511 1471 580 potestas

136 591 266 674 poptdo
292 592 501 665 redderetur:
536 591 697 654 Asconius
732 591 764 653 in
794 591 939 656 Divinat.
975 593 1006 655 in
1039 595 1191 656 Verrem.
1222 616 1293 675 cap.
1323 595 1355 655 3.
1407 592 1469 657 Cn.

141 684 333 760 Octavium,
359 686 412 747 M.
435 684 552 759 lilium,
577 685 730 767 optimum
752 697 846 769 atque
864 687 1118 751 hitinanissimum
1136 687 1256 760 virum,
1279 686 1484 769 familiarem⁴

137 801 232 843 suum
256 778 398 843 nominat
416 776 532 843 Cicero
554 778 611 840 lib.
636 778 684 840 ll.
709 799 779 860 cap.
797 778 850 842 28.
865 781 902 842 de
915 780 1021 842 Finib.
1067 780 1127 843 His
1139 780 1320 845 consulibus
1339 780 1469 856 Cicero,

139 885 175 936 ut
196 872 269 956 ipse
291 872 322 935 in
345 876 456 936 eodem
480 873 676 953 Bruto'cnp.
698 873 752 934 92.
776 873 930 947 ostendit,
955 895 1025 936 cum
1049 897 1141 937 ιιιιιιιιι
1163 896 1295 950 aenum,
1320 895 1470 938 reversus

140 989 182 1031 ex
204 966 303 1042 Asia,
327 987 438 1028 causas
462 965 583 1028 nobiles
603 967 737 1049 egisset,
761 979 959 1048 quaesturam
982 966 1091 1048 petiit,
1114 989 1184 1031 euin
1208 967 1250 1031 C.
1272 967 1391 1042 Cotta,
1416 968 1472 1053 qui

141 1081 228 1126 anno
248 1060 428 1144 insequenti
442 1060 556 1123 consul
569 1060 648 1136 fuit,
673 1063 891 1137 consulatum,
916 1061 1109 1125 Hortensius
1128 1063 1316 1125 aedilitatem
1332 1071 1468 1143 peteret.

148 1154 353 1236 Quaestoriis
369 1153 524 1224 comitiis,
549 1176 630 1238 quae
652 1154 769 1217 tributa
788 1154 885 1217 fuisse
901 1154 993 1236 epist.
1018 1155 1071 1217 31.
1096 1155 1178 1219 libro
1196 1156 1280 1218 vlt.
1297 1158 1336 1218 ad
1355 1153 1470 1218 Famil.

145 1248 376 1333 cognoscitur,
410 1247 528 1312 Cicero
555 1261 705 1331 quaestor
737 1248 768 1312 iu
795 1248 904 1331 primis
934 1247 1054 1310 cunctis
1080 1248 1242 1334 suffragiis
1271 1263 1319 1314 est
1348 1251 1470 1325 factius,

144 1343 177 1406 in
206 1355 292 1408 orat.
317 1343 349 1406 in
373 1342 523 1407 Pisonem
550 1364 622 1424 cap.
646 1348 677 1404 1.
723 1344 807 1407 ldem
834 1343 974 1405 Verriua
997 1343 1080 1406 Vll.
1108 1364 1179 1426 cap.
1205 1347 1256 1406 ll.
1281 1343 1343 1420 ait,
1375 1364 1408 1405 se
1428 1343 1472 1406 ita

144 1450 348 1521 quaestorem
369 1437 487 1500 laetum
508 1436 623 1510 luisse,
648 1450 682 1500 ut
701 1437 762 1500 sibi
784 1438 940 1512 liquorem
962 1437 1048 1499 illum
1069 1448 1133 1498 tum
1152 1459 1217 1502 non
1234 1438 1337 1501 solum
1351 1440 1470 1513 datum,

142 1531 316 1597 sedetiam
340 1531 493 1593 creditum
514 1552 551 1591 ae
574 1533 772 1594 commissum
797 1543 934 1613 putaret.
979 1533 1017 1594 ln
1043 1531 1144 1594 causis
1166 1531 1221 1608 iis,
1252 1554 1330 1618 quas
1353 1532 1470 1597 Cicero

143 1646 187 1688 ex
215 1624 295 1688 Asia
324 1644 473 1688 reversus
509 1632 579 1686 ante
614 1637 814 1709 quaesturam
844 1624 930 1707 egit,
970 1645 1101 1688 numero
1132 1625 1310 1690 orationem
1340 1648 1401 1709 pro
1427 1627 1470 1707 Q.

143 1719 272 1783 Roscio
295 1716 503 1792 Comoedo¹;
533 1718 564 1779 id
586 1719 675 1802 quod
696 1718 862 1802 proposita
887 1717 1115 1784 constitutione
1135 1740 1248 1782 eausae
1273 1720 1400 1800 planum
1423 1719 1473 1781 sa·
1512 1741 1514 1749 ·

144 1813 238 1875 ciam.
283 1814 350 1877 Res
375 1811 491 1894 igitur,
525 1824 559 1874 ut
582 1835 622 1873 ex
646 1812 800 1876 orationis
820 1812 1002 1896 fragmento
1025 1813 1203 1898 colligitur,
1235 1813 1277 1874 ita
1301 1814 1471 1875 sehabet:

144 1904 188 1970 C.
212 1905 352 1970 Fannius
375 1904 517 1970 Chaerea
545 1926 673 1969 servum
702 1926 791 1968 suum
814 1906 999 1988 Panrirgum
1026 1927 1224 1968 coinuuinem
1254 1927 1322 1968 eum
1348 1902 1473 1970 Roscio
1511 1947 1519 1963 .

143 2019 181 2062 ea
204 1999 277 2084 lege
298 1999 394 2074 lecit,
426 2011 459 2061 ut
482 1999 507 2061 is
530 2020 546 2061 a
570 1999 694 2064 Roscio
717 2008 786 2064 arte
811 1999 995 2062 histrioniea
1018 1999 1237 2063 institueretur
1261 2011 1472 2084 quaestusque

87 2174 91 2181 Ι
140 2093 228 2156 inter
255 2113 312 2156 eos
343 2086 517 2156 communis
546 2104 641 2157 esset.
692 2092 874 2157 institutum
903 2092 1040 2156 artificio
1068 2095 1191 2157 comico
1219 2095 1402 2176 Panurgum
1427 2092 1471 2172 Q.

144 2187 280 2250 Flavius
303 2185 544 2272 Tarquiniensis
562 2185 690 2271 quidam
706 2185 897 2250 interiecit.'
921 2189 959 2250 ln
980 2188 1060 2250 hane
1080 2209 1144 2251 rem
1161 2188 1299 2250 Fannius
1322 2186 1475 2269 cognitor

146 2280 314 2345 altoseio
345 2283 434 2344 datus
464 2280 541 2357 ferit,
575 2280 793 2366 qui-Flavium
822 2280 941 2344 iudicio
971 2282 1126 2346 DAMNI
1153 2282 1339 2347 lNlVlllA
1359 2281 1475 2344 DATI

148 2371 261 2441 Roscii
287 2371 412 2437 nomine
439 2387 704 2458 persequeretur,
733 2394 797 2437 non
820 2395 911 2436 secus
935 2387 1028 2464 atque
1054 2374 1155 2441 sires
1181 2399 1235 2462 sua
1258 2387 1353 2439 esset.
1401 2373 1475 2437 Lite

148 2477 327 2531 contestata
356 2468 494 2547 Roscius
523 2467 590 2531 sine
621 2467 743 2532 Fannio
770 2490 840 2530 etim
869 2469 983 2533 Flauio
1008 2471 1120 2532 decidit
1142 2470 1214 2534 HS.
1236 2479 1359 2532 centum
1383 2467 1475 2531 milli·

147 2563 221 2624 bus.
268 2561 393 2625 Deinde
416 2560 458 2625 C.
481 2562 600 2626 Pisone
627 2572 707 2625 teste
736 2574 768 2624 et
796 2561 921 2624 arbitro
951 2562 1088 2626 Roscius
1118 2562 1241 2625 Fannio
1270 2584 1332 2643 pro
1356 2580 1473 2643 opera,

146 2676 209 2738 pro
238 2655 368 2730 labore,
399 2659 486 2740 quod
516 2656 668 2740 coguitor
698 2656 825 2732 luisset,
858 2659 945 2739 quod
974 2656 1150 2732 vadimonia
1177 2656 1327 2732 obiisset,
1356 2668 1475 2719 certam

143 2750 312 2832 pecuniam
334 2743 418 2811 dedit
439 2752 499 2812 lane
522 2749 722 2825 conditione,
747 2763 797 2827 ut,
822 2751 848 2813 si
871 2752 946 2834 quid
961 2751 1099 2814 Fannius
1118 2771 1177 2831 pro
1196 2771 1251 2811 sua
1275 2762 1367 2831 parte
1388 2752 1475 2813 servi

144 2843 330 2925 interempti
350 2842 498 2910 aflauio
518 2840 696 2927 exegisset,
720 2855 842 2927 partem
865 2845 931 2908 eius
949 2845 1103 2907 dimidiam
1123 2845 1245 2908 Roscio
1269 2842 1487 2911 dissolveret.¹

144 2940 228 3004 Post
261 2936 430 3001 triennium
462 2937 620 3010 Fannius,
658 2935 712 3020 qui
745 2940 879 3012 diceret,
915 2961 948 3002 se
982 2959 998 3000 a
1031 2936 1145 3001 Flavio
1178 2937 1252 2998 nihil
1286 2936 1473 3015 abstulisse,

146 3032 303 3098 Roscium
323 3053 393 3094 eum
413 3053 452 3096 eo
474 3032 512 3093 de
533 3042 600 3093 tota
619 3051 654 3092 re
672 3051 734 3112 pro
747 3031 906 3095 societate
927 3030 1098 3106 decidisse,
1122 3029 1275 3093 Roscium
1297 3030 1328 3092 in
1347 3029 1394 3092 ius
1415 3050 1477 3093 ro·
1556 3067 1563 3075 a

147 3127 250 3202 eavit,
277 3136 309 3188 et
331 3126 403 3189 HS.
426 3123 654 3208 quinquaginta
679 3123 791 3201 millia,
822 3125 978 3188 dimidiam
1002 3125 1123 3188 seilicet
1142 3134 1265 3204 partem
1290 3122 1357 3187 eius
1379 3145 1477 3206 pecu-

149 3218 237 3295 niae,
267 3241 362 3304 quam
386 3219 522 3283 Roscius
546 3238 562 3279 a
586 3217 700 3282 Flavio
729 3221 919 3295 abstulerat,
945 3219 1052 3301 petiit,
1076 3231 1107 3280 et
1131 3218 1302 3300 sponsione
1323 3215 1477 3284 Roscium

149 3312 328 3387 lacessivit,
352 3313 394 3376 Ni
417 3313 476 3376 sibi
498 3314 549 3376 ille
569 3318 642 3380 Hs.
658 3312 778 3380 1000.
800 3316 943 3377 deberet.
983 3315 1088 3376 Datus
1108 3311 1207 3396 igitur
1231 3313 1326 3374 iudex
1345 3333 1362 3374 a
1382 3331 1477 3394 prae·

150 3417 220 3470 tore
239 3408 300 3470 suit
317 3405 359 3470 C.
374 3408 452 3472 Piso
472 3432 541 3471 cum
558 3413 616 3473 hae
630 3409 783 3483 lorniula,
809 3410 842 3471 Si
858 3418 948 3490 paret
965 3406 1117 3469 Roscium
1129 3408 1155 3469 F
1158 3404 1252 3468 annio
1269 3408 1341 3472 HS.
1353 3403 1475 3472 1000.

152 3503 279 3563 debere.
332 3501 430 3581 Quod
463 3500 580 3566 Cicero
611 3504 845 3566 enumeratione
874 3522 1036 3563 caussarum
1068 3500 1237 3565 debitionis
1266 3499 1380 3565 salsum
1407 3519 1476 3562 esse
1589 3512 1594 3520 “

153 3596 265 3656 docet:
289 3613 393 3678 neque
415 3597 573 3661 societatis
600 3598 725 3661 nomine
748 3595 919 3681 quidquam
940 3617 956 3656 a
984 3595 1105 3659 Roscio
1133 3595 1200 3676 peti
1228 3616 1322 3677 posse
1345 3594 1475 3676 probat.

153 3685 320 3752 Corradus
351 3687 542 3755 Ciceronem
564 3694 644 3754 hanc
666 3702 790 3755 caussam
814 3690 917 3773 egisse
939 3686 1001 3753 Cn.
1025 3687 1183 3771 Pompeio
1213 3700 1245 3752 et
1275 3690 1326 3752 M.
1355 3687 1476 3752 Crasso

152 3801 237 3844 coss.
264 3785 347 3845 anlio
375 3795 450 3864 post
483 3783 567 3846 haine
594 3796 687 3849 sexto
717 3785 786 3847 iude
812 3796 921 3868 putat,
961 3784 1048 3867 quod
1079 3795 1144 3845 tum
1173 3782 1214 3847 C.
1242 3783 1319 3847 Piso
1344 3791 1478 3863 praetor
1519 3783 1523 3794 '

150 3876 266 3939 fuerit:
297 3880 352 3939 sed
372 3877 512 3954 fallitur,
545 3879 597 3963 qui
626 3903 665 3943 ex
692 3880 794 3942 iudice
821 3880 947 3961 privato
969 3889 1150 3962 praetorem
1174 3876 1261 3941 facit.
1309 3877 1477 3940 Falluntur

150 3992 278 4056 quoque
308 3972 370 4046 illi,
402 3973 459 4056 qui
482 3972 639 4036 Roscium
665 3973 864 4039 Comoedmu
896 3986 967 4037 aute
997 3974 1182 4037 Amerinum
1213 3972 1375 4034 defensum
1406 3971 1477 4034 inde

148 4076 275 4148 putant,
300 4069 388 4149 quod
408 4074 483 4148 post
506 4067 652 4129 Amerini
672 4065 888 4132 defensionem
913 4064 1031 4132 Cicero
1048 4065 1080 4130 in
1098 4064 1266 4130 Graeciam
1285 4056 1388 4129 statim
1405 4065 1476 4128 lue·

148 4158 189 4220 rit
211 4157 394 4243 proiectus.
441 4159 515 4224 Hoc
536 4172 681 4241 tempore
704 4160 747 4240 Q.
772 4160 926 4226 Roscium
954 4160 1054 4226 inim
1076 4162 1237 4224 delensiuu
1264 4180 1305 4222 ex
1332 4160 1477 4224 oratione
1518 4201 1523 4208 ·

150 4251 376 4337 cognoscitur:
401 4251 430 4314 in
454 4276 515 4336 qua
540 4255 692 4317 Roscium
716 4255 845 4319 Sullano
869 4269 1013 4338 tempore
1037 4277 1106 4318 cum
1130 4255 1156 4317 F
1161 4253 1245 4317 lavio
1269 4254 1421 4318 decidisse
1445 4264 1479 4318 et

151 4346 356 4428 quadriennio
378 4358 452 4429 post
474 4369 599 4411 causam
626 4361 727 4410 aetam
754 4370 823 4412 esse
851 4360 961 4432 aperte
986 4348 1182 4432 significatur
1206 4342 1352 4431 capti.
1373 4361 1403 4411 et
1425 4349 1477 4412 13.

152 4441 226 4504 Hoc
242 4461 325 4504 anno
341 4439 370 4503 in
384 4440 536 4523 Hispania
553 4445 704 4505 adversus
717 4441 896 4508 Sertoriiuu
911 4444 1064 4507 acerrima
1080 4442 1132 4503 illa
1144 4442 1268 4524 proelia
1282 4454 1313 4506 et
1328 4443 1476 4518 maxima,

154 4538 354 4601 Sucronense
382 4544 412 4597 et
438 4536 610 4613 Duriense,
642 4536 810 4601 commissa
837 4547 927 4611 sunt;
957 4558 1091 4622 quorum
1116 4535 1253 4599 meminit
1274 4535 1392 4602 Cicero
1415 4555 1476 4619 pro

156 4629 257 4692 Balbo
279 4650 351 4711 cap.
372 4629 404 4692 2.
451 4631 502 4692 Tu
527 4630 595 4693 uide
615 4631 820 4696 Plutarchum
838 4631 871 4694 in
889 4627 1061 4712 Pompeio.

157 4829 233 4879 mem
251 4824 286 4879 ad
307 4840 369 4898 esp.
391 4830 435 4889 15.
455 4845 483 4899 p.
502 4828 568 4888 501.
588 4829 638 4884 Ed.
657 4830 744 4902 Neap.
843 4909 848 4919 ι
