3218 5310
137 298 181 395 ss⁸
558 294 609 357 m.
635 291 798 358 'runnu
822 286 1078 356 ctcnuorus

136 461 208 522 cap.
238 439 292 502 62.
322 435 493 500 Verrinam
531 445 650 498 sertam
680 441 841 517 quartam
872 430 1107 494 Accusationis
1139 428 1292 512 appellat.
1344 428 1458 517 Itaque

136 533 167 595 in
190 531 295 615 primo
319 527 539 594 Accusationis
558 527 659 603 libro,
683 545 763 611 qttae
782 535 831 588 cst
848 519 987 586 Verrina
1007 520 1118 597 tertia,
1145 519 1263 600 Cicero
1281 531 1354 586 ante
1370 532 1456 599 aas,

138 626 258 703 idest,
289 646 325 687 ea
349 623 498 698 crimina,
522 643 603 707 quae
626 623 748 684 Verres
778 629 850 681 ante
874 625 1055 698 praeturam
1083 613 1277 720 Siciliensem
1302 614 1334 684 in
1361 636 1459 700 quac·

139 731 245 795 surra,
280 716 440 803 legatione
461 729 492 780 et
516 710 681 796 praetura
701 711 832 775 urbana
856 705 1032 782 corumisit,
1062 720 1206 789 expomt.
1251 708 1290 772 ln
1318 710 1458 773 secundo

138 810 364 876 Accusationis
389 812 492 887 libro,
523 827 604 893 quae
637 815 685 866 cst
714 802 851 866 Verrina
881 811 1011 887 quarta,
1043 802 1242 884 explicantur
1265 802 1396 866 crimina
1426 803 1459 909 ip

138 905 282 980 Sicilia,
304 904 333 967 in
360 904 428 968 iure
453 903 589 967 dicundo
612 897 790 963 commissa.
834 893 963 958 Tertius
989 892 1070 957 liber
1090 906 1137 958 cst
1162 897 1201 958 de
1222 894 1373 961 irttmenti
1398 914 1459 957 crt-

142 995 297 1073 minibus,
329 1020 429 1084 eaque
459 995 563 1059 oratio
578 991 816 1076 frumentaria
849 1008 864 1050 a
895 986 1058 1051 veteribus
1083 988 1295 1073 grammaticis
1318 987 1459 1054 nomina·

142 1101 208 1152 tur.
259 1091 400 1171 Qirartus
433 1089 515 1152 liber
559 1106 615 1149 seu
644 1080 786 1146 Verrina
825 1095 913 1145 sexta
950 1090 999 1143 est
1032 1082 1072 1145 tie
1103 1086 1225 1164 signis,
1261 1083 1390 1168 quintus
1429 1093 1459 1149 ct

35 1200 38 1213 ·
141 1182 267 1246 ultimus
298 1185 338 1248 eie
364 1182 554 1264 suppliciis.
596 1179 705 1241 Verre
738 1178 903 1250 damnato,
936 1185 972 1237 ut
1005 1174 1197 1239 Plutarchus
1236 1177 1351 1255 tradit,
1389 1198 1457 1243 oua

142 1275 260 1340 Cicero
282 1275 374 1339 litem
405 1273 434 1335 ei
459 1270 566 1334 tricies
592 1270 902 1344 massinissa,
935 1267 1014 1330 male
1044 1266 1177 1345 audivit,
1213 1270 1303 1354 qatasi
1329 1273 1460 1355 pecunie

139 1381 272 1452 accepta
309 1371 348 1432 de
387 1365 483 1428 mttlta
517 1363 701 1428 remisisset.
757 1364 854 1444 Apud
884 1363 1088 1426 Plutarchum
1118 1360 1344 1450 ἑβδομήκοντα
1370 1370 1460 1435 πέντε

140 1460 297 1553 μυριάδες
333 1473 382 1526 est
406 1459 513 1523 tricies
545 1458 741 1521 sestertium:
774 1455 800 1518 si
827 1457 950 1538 quiden
973 1459 1074 1522 εἴκοσι
1109 1459 1200 1523 πέντε
1228 1455 1389 1549 μυριάδες
1415 1472 1461 1526 cst

143 1558 247 1620 ‹lccies
274 1557 367 1632 HS„
400 1566 433 1617 ut
458 1553 540 1616 idern
569 1552 602 1614 in
625 1547 769 1615 Antonio
796 1560 940 1612 testatur.
988 1550 1112 1613 Verum
1136 1551 1283 1616 Budaeus
1312 1554 1346 1618 in
1374 1553 1461 1621 tibris
1496 1580 1501 1587 ’

141 1655 178 1714 de
200 1652 285 1715 Asse
308 1662 340 1713 ct
364 1649 396 1712 in
419 1644 664 1712 Commentariis
689 1653 797 1705 censet
819 1643 849 1705 iu
870 1641 1034 1706 Plutarchi
1060 1642 1149 1706 libris
1171 1647 1304 1710 verbum
1330 1672 1461 1737 apsaro-

140 1747 217 1810 σίων
246 1754 299 1808 aut
325 1743 410 1807 aliud
434 1743 555 1804 decssc.
609 1734 794 1801 Sestertium
821 1734 1080 1823 qutadringentics
1103 1759 1120 1801 a
1142 1739 1250 1802 Verre
1272 1750 1394 1806 tanturn
1414 1764 1461 1807 re·

138 1838 271 1920 petitum
314 1857 383 1902 esse
424 1833 585 1900 Asconius
621 1828 772 1896 scribit..
808 1832 868 1895 His
908 1851 995 1893 coss.
1034 1829 1233 1898 tribuniciam
1269 1846 1459 1917 potestaten

138 1932 314 1995 restitutam
344 1951 413 1994 esse
444 1927 599 1992 Salustius
627 1926 658 1988 iu
687 1922 785 1990 Catil.
818 1946 890 2008 cap.
920 1925 974 1988 38.
997 1925 1126 2000 scribit;
1156 1925 1237 1989 idem
1261 1939 1310 1992 est
1339 1928 1371 1993 io
1395 1930 1460 2015 cpi·

140 2036 224 2087 toma
247 2024 306 2088 lib.
330 2022 480 2088 xcvtt.
500 2020 594 2103 Ltv.‚
609 2021 692 2102 apud
708 2017 868 2083 Velleium
888 2018 944 2081 lib.
965 2018 1011 2083 ll.
1034 2040 1105 2100 cap.
1129 2018 1183 2083 30.
1202 2032 1234 2084 et
1256 2021 1460 2089 Plutarchum

138 2119 169 2181 in
200 2118 373 2202 Pompeio.
417 2119 503 2181 Hinc
529 2117 572 2197 Q.
597 2114 715 2180 Cicero
741 2112 798 2174 lib.
818 2111 886 2175 111.
909 2133 980 2193 cap.
995 2111 1027 2174 9.
1051 2114 1090 2174 sle
1115 2113 1257 2197 Legibus
1284 2114 1345 2180 ait:
1369 2121 1461 2183 Pom·

139 2213 256 2292 peium
282 2222 434 2274 nostram
466 2211 584 2273 ceteris
615 2205 714 2271 rebus
739 2201 892 2266 omnihus
915 2224 1045 2286 semper
1069 2206 1287 2287 amplissimis
1312 2210 1461 2272 summis·

142 2323 207 2387 pue
233 2302 339 2381 effero
361 2299 522 2363 laudibus
529 2313 541 2379 3
562 2297 601 2361 tle
630 2295 814 2358 tribunicia
835 2302 1002 2373 potestate
1022 2303 1144 2373 taceo,·
1163 2317 1224 2360 nec
1247 2300 1335 2361 enim
1356 2318 1462 2381 reprc-

140 2391 281 2456 incudere
305 2388 386 2453 lihet
404 2408 466 2452 nee
491 2385 636 2450 laudare
660 2405 810 2465 possam.
857 2385 939 2463 Post
970 2382 1083 2449 isidicia
1120 2409 1138 2450 a
1170 2387 1255 2450 Sulla
1295 2390 1463 2455 constituta

142 2495 268 2545 senatus
296 2480 358 2542 iam
388 2478 524 2562 exlege
553 2475 704 2543 Cornelia
732 2495 790 2557 per
816 2477 923 2539 decem
953 2498 1053 2543 annos
1081 2479 1218 2561 turpiter
1243 2481 1460 2557 iudicaverat:

139 2575 184 2638 ita
205 2587 240 2638 ut
265 2571 452 2638 iudiciorum
472 2570 600 2635 levitate
627 2570 709 2633 ordo
736 2590 863 2652 quoque
886 2569 963 2633 alius
986 2572 1024 2633 asi
1048 2593 1097 2635 res
1120 2572 1301 2639 iudicandas
1323 2576 1463 2661 postula·

141 2680 242 2732 retur.
286 2667 363 2731 Hoc
391 2665 491 2750 igilur
520 2683 602 2727 anno
631 2663 674 2725 L.
699 2660 851 2725 Aurelius
880 2662 977 2728 Cotta
1005 2677 1138 2748 praetor
1166 2666 1269 2753 legem
1295 2671 1335 2731 ad
1360 2690 1462 2755 popu-

140 2763 204 2825 lum
238 2760 324 2835 tulit,
356 2770 390 2822 ut
415 2770 580 2822 senatores
610 2778 681 2818 cum
707 2755 865 2838 equitibus
898 2769 929 2820 et
957 2759 1088 2823 tribunis
1112 2762 1241 2825 aerariis
1269 2762 1460 2828 iudicarent:

141 2853 259 2919 Cicero
285 2853 424 2918 Ver-rina
452 2851 556 2936 prima
582 2872 654 2933 cap.
687 2850 721 2911 3.
753 2860 785 2912 ct
814 2850 973 2916 Asconius
1004 2853 1033 2915 in
1064 2856 1213 2932 candeio,
1253 2855 1369 2920 Livius
1407 2855 1461 2921 lib.

140 2947 294 3013 xcvtt.
320 2959 351 3011 et
373 2945 518 3012 Velleius
540 2945 597 3009 lib.
622 2944 670 3008 ΙΙ.
692 2961 763 3024 cap.
786 2944 841 3007 32.
892 2946 1014 3009 Eodem
1045 2968 1127 3012 anno
1158 2970 1307 3013 censores
1336 2950 1466 3015 locarat

141 3041 263 3105 Gellius
289 3041 459 3124 Poplicola
483 3051 514 3103 et
547 3038 610 3104 Cn.
638 3036 809 3102 Cornelius
839 3038 1015 3102 Lcntulusz
1047 3042 1085 3103 dc
1111 3041 1226 3125 quibus
1258 3040 1379 3108 Cicero
1403 3059 1492 3127 pru·

143 3132 294 3199 Cluentio
317 3156 389 3218 cap.
411 3136 464 3197 li.
507 3131 638 3197 Lentuli
657 3129 798 3195 censoris
820 3131 958 3195 meminit
974 3133 1067 3196 etiam
1086 3135 1227 3200 Verrina
1247 3137 1380 3221 septima
1392 3156 1462 3223 esp.

142 3230 175 3291 t.
201 3248 263 3313 pro
290 3228 410 3293 Flacco
432 3248 502 3311 cap.
524 3228 577 3292 19.
599 3235 631 3290 et
649 3246 710 3309 pro
732 3227 828 3290 domo
851 3246 922 3308 cap.
944 3227 998 3290 hl.
1433 3226 1436 3233 '

230 3525 322 3589 Anno
344 3524 440 3589 Urbis
458 3524 705 3591 DCLXXXW.
728 3525 893 3605 Ciceronis
912 3525 1111 3591 XXXWH.
1133 3549 1218 3595 coss.
1230 3530 1381 3611 fuerunt

145 3667 190 3768 Q.
207 3664 542 3760 HORTENSIUS,
554 3665 599 3765 Q.
614 3663 878 3742 CAECILIUS
892 3668 1158 3749 METELLUS
1167 3667 1464 3775 [CRETICUS].

227 3822 282 3887 De
307 3821 356 3884 his
378 3818 562 3884 consulibus
588 3818 706 3884 Cicero
731 3842 792 3902 pro
822 3821 971 3888 Cluentio
994 3845 1067 3907 cap.
1091 3827 1167 3889 blm
1212 3827 1301 3892 Pam
1324 3832 1470 3906 interim,

147 3915 356 3992 Hortensio,
381 3912 525 3977 Metello
557 3932 663 3988 coss,
694 3923 731 3976 ut
757 3915 848 3978 barac
871 3918 1099 4000 Oppianicum
1121 3919 1221 3984 alind
1245 3931 1403 4004 agentem
1426 3940 1471 3987 ac

149 4004 235 4066 nihil
261 4001 429 4069 eiusmodi
452 4004 662 4085 cogitantem
682 4000 837 4066 adhunc
858 4010 1115 4072 accusationem
1140 4009 1343 4091 detraheret,
1364 4012 1472 4075 invito

151 4092 327 4175 despondit
356 4096 390 4159 ei
407 4092 526 4169 filiam
556 4112 665 4155 suana.
713 4094 788 4156 Hoc
825 4115 908 4159 anno
946 4096 1064 4163 Cicero
1102 4099 1210 4164 aedilis
1248 4102 1366 4165 caerulis
1394 4102 1471 4167 tuit.

149 4182 279 4245 Aetlilcs
301 4195 403 4271 autern
429 4177 486 4273 ἀφ’
511 4179 582 4260 ἑνὸς
606 4174 650 4250 air
668 4181 869 4271 apamenam
889 4189 1007 4280 ἔργων,
1031 4193 1125 4279 ἱερῶν
1148 4190 1255 4260 τόπων
1283 4198 1473 4282 ἐπιμεληταὶ

151 4276 346 4357 καλοῦνται,
368 4277 400 4339 iel
432 4287 495 4352 est,
519 4278 558 4340 ab
584 4299 644 4340 una
672 4293 764 4362 parte
795 4283 843 4346 sui
876 4284 1012 4353 muneris
1041 4286 1130 4372 quasi
1154 4301 1318 4354 curatores
1348 4290 1471 4357 acilium

154 4366 328 4445 dictisunt,
350 4369 524 4450 Dionysius
536 4371 796 4438 Halicarnasseus
808 4377 865 4439 lib.
880 4379 950 4456 vt,
970 4381 1472 4456 c.90.,ubia‹lditeosaGraccis

152 4457 380 4550 ἀγορανόμους
403 4463 480 4541 dici,
509 4467 597 4549 quod
622 4487 765 4552 magnam
794 4470 854 4534 illis
878 4486 998 4556 partem
1027 4474 1141 4538 similcs
1170 4476 1245 4540 sint.
1288 4477 1340 4542 De
1363 4478 1473 4544 aedili·

152 4567 216 4617 tatc
240 4575 295 4617 sua
322 4553 441 4620 Cicero
464 4558 604 4623 Vei-rina
620 4561 750 4645 septima
773 4586 847 4648 cap.
869 4569 921 4632 tt.
942 4567 987 4630 ita
1008 4567 1133 4633 scribit:
1166 4571 1267 4636 Nune
1287 4593 1363 4655 sum
1391 4574 1475 4639 ‹iesi-

150 4657 277 4732 gnatus
299 4647 438 4712 aedilis:
464 4651 572 4717 liabeo
596 4659 781 4734 rationem,
815 4660 901 4743 puisi
926 4682 948 4724 a
978 4664 1113 4742 populo
1134 4663 1225 4726 Rom.
1257 4666 1473 4746 acceperim

152 4738 238 4801 milri
263 4734 363 4801 iarios
397 4743 624 4807 sanctissimos
656 4749 810 4810 monimo
845 4768 926 4815 cum
953 4755 1163 4817 caerimonia
1193 4754 1304 4818 Cereri
1309 4794 1320 4833 ,
1350 4748 1473 4818 Libera

153 4825 358 4913 Liberaeque
375 4825 589 4910 saciandosc
608 4837 696 4901 mihi
711 4837 851 4905 Piorum
870 4852 1012 4910 matrem
1039 4843 1173 4927 populo
1198 4842 1359 4929 ptettqne
1379 4843 1475 4909 Rom.
