3218 5310
692 278 933 346 HISTORIA.
1042 310 1048 317 ·
1430 276 1472 348 Sl

144 441 360 502 surumesse
382 419 475 495 dixit-3
500 418 643 505 Philipp.
667 423 714 488 ll.
734 444 804 505 cap.
827 424 859 487 5.
897 422 984 485 ldcm
1007 419 1057 485 vir
1081 422 1240 484 abundans
1259 421 1381 487 bellicis
1402 424 1471 488 lan·

144 514 240 579 dibus
268 512 440 591 Ciceroni,
463 514 569 578 miultis
590 517 804 592 audientibus,
829 518 891 581 hoc
913 516 1039 593 tribuit,
1063 530 1098 580 ut
1120 519 1257 582 diceret:
1272 517 1414 597 frustra
1437 541 1471 585 se

143 610 284 672 tertiam
304 611 514 691 triumphum
540 609 797 691 deportaturum
810 610 944 690 fuisse,
961 613 1029 674 uisi
1049 612 1120 675 eius
1141 614 1176 674 itt
1198 632 1269 676 rem
1291 609 1471 693 publicam

143 696 329 779 beneficio,
351 698 412 764 ulai
428 702 670 780 triumpharet,
691 711 775 766 esset
795 700 989 781 habiturum
1010 700 1066 765 lib.
1087 702 1117 765 Ι.
1134 704 1172 765 de
1188 702 1309 769 Officiis
1330 723 1400 784 cap.
1416 703 1469 766 77.

143 788 342 856 Ciceronem
362 804 528 874 praeterea
545 794 587 874 Q.
603 792 736 859 Catulus
752 791 900 884 princeps
915 805 1041 857 senatus
1064 806 1096 859 et
1118 808 1230 860 auctor
1250 795 1370 878 publici
1391 817 1470 860 con·

141 883 209 948 silii
230 885 487 968 frequentissimo
510 898 620 951 senatu
641 896 803 969 parentem
828 885 950 967 patriae
978 888 1171 965 nominarit;
1203 889 1235 952 in
1263 889 1414 955 Pisonem
1438 885 1469 954 c.

142 980 177 1047 3.
220 979 335 1063 Neque
357 981 460 1045 solum
484 980 635 1058 Catulus,
668 1000 778 1042 verum
810 978 900 1045 etiam
925 980 1013 1045 multi
1035 983 1087 1046 alii
1109 1005 1205 1066 saepe
1227 983 1259 1046 in
1282 996 1390 1047 senatu
1414 982 1471 1048 Ci-

143 1096 297 1139 ceronem
326 1087 448 1158 patrem
477 1076 600 1159 patriae
626 1075 847 1140 nominarunt:
881 1087 915 1135 ut
936 1074 1003 1156 ipse
1026 1088 1161 1141 testatur
1183 1099 1245 1160 pro
1269 1078 1374 1141 Sestio
1397 1099 1469 1159 cap.

144 1171 201 1235 57.
236 1169 275 1235 In
297 1169 346 1234 his
361 1170 554 1234 Plutarchus
576 1192 646 1252 cap.
662 1169 714 1232 73.
739 1180 881 1232 numerat
897 1167 1070 1244 Catonem,
1094 1175 1133 1236 dc
1156 1193 1220 1258 quo
1239 1171 1409 1254 Appianus
1425 1173 1467 1236 Β.

145 1262 189 1330 C.
202 1263 275 1340 11.,
300 1267 318 1327 7
323 1285 352 1328 .:
381 1266 462 1330 Cum
484 1265 568 1329 Cata
591 1268 783 1330 Ciceronem
803 1271 935 1344 patrem
955 1268 1092 1344 patriae
1113 1266 1342 1347 appellasset,
1361 1287 1472 1347 popu-

145 1358 204 1420 lns
225 1359 454 1434 acclamavit,·
483 1366 605 1441 atque,
637 1365 674 1420 ut
697 1353 898 1439 quidusdam
917 1354 1056 1435 placet,
1083 1357 1167 1423 llaec
1188 1357 1380 1437 appellatio
1401 1359 1472 1439 pri-

145 1468 242 1510 mam
264 1447 420 1513 Ciceroni
436 1448 580 1529 tributa,
603 1447 676 1512 iude
698 1443 747 1506 ad
764 1446 983 1526 imperatores
1002 1449 1162 1525 pervenit.
1197 1446 1290 1521 ¹Hinc
1312 1446 1470 1512 larvenalis
1550 1456 1553 1460 ’

144 1537 251 1603 Satira
273 1538 376 1604 vttt.
399 1561 432 1603 v.
456 1538 531 1603 uta.

162 1636 173 1653 ⁰
374 1666 411 1678 -
489 1664 531 1680 -
609 1664 649 1680 -
730 1662 766 1676 -
848 1628 952 1692 Roma
972 1639 1162 1710 parentem,
1241 1677 1245 1689 .

256 1746 258 1751 ¹
371 1721 476 1784 lloma
495 1731 627 1803 patrem
647 1720 783 1801 patriae
805 1716 995 1782 Ciceronem
1017 1719 1125 1785 libera
1147 1722 1244 1788 dixit.

141 1821 177 1874 et
199 1807 323 1875 Plinius
345 1809 403 1874 lib.
427 1812 509 1876 Vll.
532 1833 604 1894 cap.
630 1814 682 1874 10.
728 1809 781 1872 Μ.
810 1807 949 1871 ΤιιΙΙίιιηι
973 1810 1019 1872 sic
1041 1812 1179 1875 affatur:
1209 1819 1310 1882 Salve
1338 1821 1468 1900 primus

142 1906 297 1968 omnium
315 1925 440 1987 pareus
458 1908 595 1987 patriae
615 1903 800 1984 appellate.
841 1902 892 1966 De
923 1901 1083 1968 Cicerone
1112 1907 1155 1968 L.
1185 1907 1310 1971 Gellius
1332 1912 1382 1973 vir
1404 1910 1469 1973 cla-

140 1992 286 2058 rissimus
306 1994 339 2058 in
361 1996 515 2059 concione
538 1996 635 2059 dixit:
669 1995 696 2058 si
719 1993 770 2057 ille
792 1997 921 2072 consul,
952 2016 1022 2058 cnm
1045 1997 1126 2074 luit,
1158 2021 1222 2063 non
1242 2000 1375 2078 luisset,
1399 2025 1468 2066 rem

140 2087 303 2171 publicam
339 2089 479 2152 lunditus
507 2088 704 2154 interituram
736 2089 852 2162 luisse;
888 2101 964 2171 post
995 2092 1064 2154 red.
1093 2093 1133 2154 ad
1160 2092 1302 2173 Quirites
1331 2117 1403 2178 cap.
1435 2099 1467 2160 7.

141 2181 232 2247 Idem
256 2180 389 2246 ciuicam
412 2205 564 2248 coronam
588 2181 738 2248 Ciceroni
762 2181 870 2244 deberi
893 2204 910 2244 a
933 2184 1116 2266 republica
1139 2187 1236 2262 dixin
1264 2187 1295 2251 in
1318 2190 1468 2254 Pisonem

141 2275 273 2358 capii.
320 2277 404 2340 Vide
427 2277 566 2343 Gellium
589 2276 647 2339 lib.
666 2275 712 2341 V.
733 2298 805 2358 cap.
832 2278 862 2341 6.
906 2273 988 2340 Cum
1011 2280 1161 2342 extremis
1183 2283 1293 2346 diebus
1315 2284 1386 2346 anui
1410 2287 1468 2349 brt·
1532 2346 1536 2353 .

141 2368 191 2433 ius
213 2370 290 2433 novi
319 2371 437 2434 tribuni
470 2371 576 2453 pleh.‚
611 2369 665 2455 qui
694 2390 724 2432 a.
749 2370 781 2433 d.
805 2369 869 2433 lV.
893 2369 944 2434 ld.
968 2371 1141 2436 Decembr.
1165 2377 1386 2460 magistratum
1406 2377 1469 2441 iui-

140 2464 221 2528 hant
251 2466 427 2549 (utsupra
457 2469 497 2530 ad
525 2488 639 2530 anuum
661 2462 931 2530 Dcuxxxvt.
956 2467 1280 2551 demonstravimus),
1314 2493 1367 2535 res
1396 2492 1465 2549 eas,
1517 2490 1527 2503 ⁸

140 2581 222 2646 quas
239 2550 365 2623 Cicero
387 2561 500 2624 constal
522 2569 684 2647 gesserat,
709 2577 827 2621 vexare
849 2571 1021 2640 cuperent,
1053 2560 1106 2624 illc
1128 2563 1170 2627 P.
1195 2564 1331 2630 Sestium
1356 2564 1468 2649 Capua
1548 2575 1558 2582 ”

139 2650 308 2718 arcessivit
331 2673 402 2717 cum
424 2675 464 2718 eo
486 2655 649 2730 exercitu,
684 2673 776 2737 quem
806 2664 870 2714 tum
893 2674 998 2716 seeum
1021 2655 1177 2730 habebat3
1211 2657 1298 2722 cuius
1329 2662 1468 2724 adventu

139 2747 346 2812 tribunorum
377 2761 510 2811 conatus
538 2759 613 2813 saint
639 2747 808 2819 retardati3
843 2744 962 2811 Cicero
992 2769 1053 2828 pro
1075 2749 1179 2814 Sestio
1209 2773 1281 2836 cap.
1306 2754 1338 2818 d.
1394 2755 1466 2818 Hos

136 2840 293 2904 tribunos*
323 2841 514 2905 Plutarchus
544 2864 616 2925 cap.
647 2841 701 2904 33.
730 2841 900 2904 Metellum
932 2852 964 2903 ct
986 2841 1122 2905 Bestiam
1146 2844 1308 2909 nominat:
1344 2848 1399 2909 scd
1422 2847 1466 2910 L.

137 2932 335 3017 Calpurnius
356 2935 463 2998 Bestia
482 2937 643 3000 tribunatu
663 2934 724 2998 iam
743 2936 791 2998 V.
812 2935 862 3002 Id.
878 2933 1019 3007 abierat3
1044 2938 1133 3016 quod
1144 2936 1308 3001 Manutius
1331 2950 1363 3002 et
1382 2938 1469 3005 Cor·

135 3026 299 3092 radus‘ex
321 3029 461 3094 Salustio
485 3040 687 3094 monuerunt.
733 3027 871 3108 Quintus
893 3027 1174 3091 antem'Metellus
1196 3031 1327 3112 Nepos,
1361 3054 1466 3097 nortis

136 3120 306 3195 tribunus,
341 3121 441 3203 pridie
463 3123 600 3189 Kalend.
624 3121 787 3187 Ianuarias
812 3118 1001 3187 Ciceronem
1025 3122 1187 3185 consulem
1209 3126 1376 3189 abeuntem
1400 3149 1465 3190 ma·

137 3214 277 3300 gistratu
310 3215 473 3280 concionis
502 3219 664 3281 habendae
693 3226 853 3298 potestate
876 3213 1035 3296 privavit:
1065 3214 1153 3278 cuius
1175 3215 1289 3282 iniuria
1314 3217 1465 3285 Ciceroni

136 3323 242 3372 tamen
266 3309 383 3375 honori
404 3333 526 3376 summo
547 3312 628 3386 luit;
658 3331 728 3372 uam
751 3331 820 3371 cum
844 3307 896 3371 ille
918 3307 994 3370 nihil
1016 3306 1064 3384 ei,
1095 3307 1153 3372 uisi
1177 3323 1210 3374 ut
1231 3310 1366 3390 iuraret,
1390 3337 1465 3397 per·

138 3401 300 3477 mitteret,
325 3424 437 3488 magna
454 3426 534 3469 voce
546 3404 660 3468 iurarit
678 3401 875 3466 verissimum
891 3401 1201 3487 pulcherrimumque
1215 3396 1263 3469 ius
1279 3402 1462 3484 iurandum,

139 3498 227 3582 quod
238 3496 380 3579 populns
391 3498 465 3561 item
479 3521 592 3586 magua
605 3518 685 3563 voce
698 3498 797 3579 ipsum
814 3516 890 3558 vere
902 3492 1022 3558 iuraa'se
1033 3495 1165 3573 iuravit;
1190 3499 1284 3581 epist.
1297 3502 1330 3565 3.
1350 3503 1403 3564 lib.
1415 3502 1462 3566 V.

138 3592 177 3654 ad
188 3589 307 3654 Famil.
329 3590 453 3655 lurarit
465 3605 567 3657 autem
584 3614 619 3656 se
629 3591 762 3676 patriam
775 3610 1001 3663 conservasse,
1026 3601 1061 3652 ut
1073 3590 1265 3656 Plutarchus
1282 3615 1351 3675 cap.
1365 3595 1417 3658 33.
1431 3605 1464 3658 et

137 3684 204 3750 Dio
241 3683 438 3762 XXXVII,
477 3687 531 3751 38.
559 3685 791 3765 εονίὺιιηῑ,,εῑ
824 3687 894 3767 ipse
924 3680 1043 3747 Cicero
1070 3682 1100 3746 iu
1128 3685 1280 3750 Pisonem
1310 3709 1382 3768 cap.
1407 3688 1459 3752 3.;

136 3779 232 3864 Ego,
254 3776 374 3861 inquit,
398 3800 478 3845 cum
499 3784 534 3845 in
559 3783 743 3847 concione.
766 3775 878 3841 abiens
899 3778 1125 3858 magistratu,
1149 3777 1259 3843 dicere
1282 3799 1305 3840 a
1325 3779 1461 3846 tribuna

134 3869 244 3953 plebia
264 3870 474 3952 prohiberer,
497 3893 585 3956 quae
608 3873 869 3944 constitueram
889 3886 1038 3948 cumque
1059 3868 1085 3929 is
1104 3868 1190 3929 mihi
1207 3868 1461 3950 tantummodo,

136 3971 173 4024 at
193 3963 363 4038 iurarem,
382 3965 606 4043 permitteret,
626 3963 695 4023 sine
717 3959 794 4022 ulla
813 3957 1021 4024 dubitatione
1042 3961 1172 4036 iuravi,
1193 3981 1262 4023 rem
1281 3958 1462 4041 publicam

135 4059 242 4136 atquae
261 4052 354 4116 hunc
377 4051 491 4116 urbem
510 4072 587 4114 mea
609 4052 708 4113 unius
729 4069 835 4130 opera
856 4069 924 4113 esse
943 4052 1095 4126 saleam5
1125 4050 1209 4111 mihi
1225 4051 1378 4131 populus
1400 4052 1461 4116 llo-

135 4162 258 4206 manas
278 4145 449 4207 universus
472 4143 537 4205 illa
558 4143 592 4202 in
614 4141 779 4204 concione
797 4158 865 4200 nau
887 4144 986 4204 unius
1008 4141 1076 4205 diei
1090 4139 1380 4222 gratulationem,
1402 4142 1462 4207 sed

135 4234 370 4297 aeternitatem
390 4232 748 4313 immortalitatemque
770 4229 925 4306 donavit,
957 4250 1037 4294 cum
1058 4248 1168 4291 meum
1190 4231 1242 4290 ius
1275 4231 1460 4295 iurandum

137 4323 207 4387 tale
225 4332 332 4407 atque
350 4332 485 4386 tantam
512 4324 646 4385 iuratus
677 4321 746 4401 ipse
776 4338 845 4380 uua
875 4339 956 4384 voce
983 4329 1016 4383 et
1046 4338 1209 4382 consensu
1239 4320 1457 4400 approbarit.

140 4411 216 4491 Ona
237 4413 377 4497 quidem
397 4424 547 4494 tempore
568 4415 594 4475 is
615 4431 708 4474 meus
729 4409 867 4473 domum
880 4410 960 4490 fuit
979 4430 997 4473 e
1012 4408 1099 4488 faro
1121 4407 1265 4486 reditus,
1290 4420 1328 4472 ut
1347 4432 1458 4487 nemo,

139 4508 203 4570 nisi
220 4506 287 4589 qai
303 4525 439 4570 mecum
457 4512 559 4582 esset,
590 4504 716 4566 civium
735 4520 803 4565 esse
825 4503 858 4562 irr
877 4518 1019 4562 numera
1042 4497 1219 4563 videretur.
1260 4500 1363 4564 Huius
1392 4502 1459 4564 ire·

139 4597 300 4680 quentiae,
335 4617 399 4682 qua
431 4595 540 4659 abiens
567 4592 733 4658 consulatu
761 4593 887 4656 domitur
916 4588 977 4652 luit
1004 4590 1172 4667 reductus,
1208 4596 1325 4658 mentio
1356 4595 1456 4659 estin

142 4690 229 4772 aas.
254 4692 308 4754 ta.
330 4689 388 4754 tau.
411 4690 442 4754 1.
466 4690 505 4752 aa
528 4689 624 4753 ursa

147 4899 242 4957 meets
261 4900 346 4956 aecus
367 4909 453 4954 uatus
471 4920 504 4955 eo
523 4917 599 4956 anno
618 4899 701 4952 divas
717 4901 873 4966 Aegrotas.
912 4892 1008 4949 Vellei.
1030 4900 1062 4963 2,
1084 4896 1130 4956 36.
