3218 5310
635 287 871 353 HISTORIA.
1364 297 1403 359 15
1456 296 1461 303 ’

85 429 139 490 ta.
182 427 257 509 Ego
291 426 331 504 Q.
362 424 567 489 Scaeuolam
596 426 768 509 Augurem
797 430 960 491 memoria
986 439 1081 493 teneo
1108 428 1197 493 bello
1227 429 1403 506 Marsico,

84 539 166 580 eum
188 525 269 579 esset
291 536 423 576 summa
443 523 612 578 senectute
624 524 656 577 et
675 516 809 596 perdita
833 517 1040 596 valetudiue,
1061 519 1231 603 quotidie,
1250 522 1406 583 simulat-

83 629 149 689 que
171 607 317 683 luceret,
331 604 457 683 fucere
478 602 630 666 omnibus
651 605 868 670 conveniendi
885 610 943 668 sui
957 619 1175 687 potestatem:
1195 632 1303 695 neque
1324 634 1403 675 enm

83 702 270 780 quisquam
290 696 354 756 illo
376 694 467 757 lrello
490 693 569 755 vidit
591 697 625 767 in
644 694 752 771 lecto,
773 717 939 777 senexque
962 705 995 759 et
1015 697 1130 761 debilis
1150 702 1281 779 primus
1301 705 1405 767 venie·

81 788 142 850 tot
162 790 197 847 in
218 788 364 848 curiam.
406 784 596 846 Plutarchus
627 804 698 865 cap.
720 785 752 846 3.
776 787 903 857 scribit,
936 786 1124 849 Ciceronem
1147 790 1233 853 bello
1258 792 1403 856 Marsico

82 875 273 963 aliquamdiu
296 878 355 938 sub
378 876 465 938 Sulla
489 876 649 939 militasse.
704 879 801 958 Apud
824 880 942 940 Sullam
972 881 1109 965 legatum
1131 903 1166 945 se
1187 883 1303 961 luisse,
1332 908 1402 951 eum

80 970 134 1033 ille
155 972 220 1032 hoc
247 990 330 1033 anuo
360 982 432 1033 oute
460 971 611 1053 oppidum
630 970 743 1032 Nolam
768 972 938 1035 fortissima
964 976 1148 1038 Samnitium
1171 990 1274 1044 castra
1296 981 1401 1063 cepit,

78 1064 149 1147 ipse
173 1062 291 1128 Ciccro
313 1062 369 1127 lib.
392 1064 422 1127 Ι.
445 1087 516 1146 cap.
538 1065 592 1127 33.
615 1067 654 1125 dc
676 1064 877 1129 Divinatione
899 1068 1021 1131 scribit.
1075 1070 1125 1133 De
1152 1072 1212 1134 hac
1239 1098 1295 1138 sua
1322 1077 1403 1139 mili·

80 1156 122 1219 tia
145 1157 237 1219 ctiam
261 1157 403 1240 Philipp.
426 1159 508 1221 XII.
531 1179 600 1238 cap.
624 1160 675 1221 It.
695 1160 772 1221 haec
794 1161 964 1223 memoriae
986 1164 1150 1244 prodidit:
1173 1166 1205 1232 0.
1226 1170 1403 1252 Pompeius

79 1250 160 1313 Ser.
179 1252 217 1313 F.
238 1252 377 1327 consul,
398 1273 450 1315 me
470 1261 659 1331 praesente,
681 1271 760 1314 eum
774 1274 880 1316 essem
901 1258 968 1317 tiro
991 1259 1025 1317 in
1040 1260 1112 1320 eius
1132 1262 1301 1337 exercitu,
1324 1280 1404 1322 eum

80 1340 114 1400 Ρ.
141 1340 248 1403 Vettio
275 1342 419 1423 Catone,
441 1342 526 1405 :luce
550 1340 766 1411 Marsorum,
787 1346 872 1407 inter
889 1344 969 1407 dina
991 1358 1106 1409 castra
1125 1349 1323 1425 collocutus
1345 1358 1403 1418 est.

73 1430 157 1493 ¹Iloc
180 1452 263 1495 anua
285 1452 435 1497 censores
457 1436 585 1495 luerunt
607 1433 647 1495 P.
670 1432 813 1495 Licinius
843 1434 979 1501 Crassus
1008 1450 1039 1499 ct
1066 1441 1108 1503 1..
1136 1439 1236 1503 Iulim
1259 1439 1401 1505 Caesar:

83 1528 198 1607 quibus
221 1526 409 1591 censoribus
430 1529 545 1591 uullaui
568 1526 679 1607 populi
707 1540 827 1608 partem
854 1550 924 1593 esse
951 1551 1093 1608 causatu,
1130 1531 1247 1597 Cicero
1275 1532 1320 1597 ait
1340 1554 1403 1616 pro

81 1618 204 1681 Archia
227 1640 299 1703 cap.
322 1622 355 1685 5.

258 1934 350 2001 Anno
372 1938 468 2003 Urius
489 1939 643 2003 uetur:
666 1940 833 2004 Ciceronis
853 1938 955 2002 XIX.
978 1961 1063 2003 coss.
1077 1940 1226 2019 suerunt

158 2078 204 2152 1.
240 2076 521 2155 couuemus
556 2078 740 2176 suaet,
781 2081 825 2180 Q.
862 2080 1117 2158 uouemus
1150 2081 1324 2161 uerus.

167 2235 220 2299 Dc
240 2236 305 2299 hoc
325 2256 408 2299 auno
432 2234 551 2299 Cicero
574 2236 604 2297 ia
627 2237 729 2299 Bruto
760 2259 788 2300 c.
818 2238 870 2301 89.
922 2234 1028 2320 Atque
1056 2239 1137 2299 liuic
1167 2259 1257 2301 anno
1284 2246 1404 2321 proxi-

82 2350 176 2407 mus,
205 2330 310 2393 Sulla
331 2331 471 2395 consule
493 2339 525 2393 et
546 2332 725 2411 Pompeio,
748 2332 836 2410 suit.
888 2330 973 2393 Tum
1007 2330 1039 2390 P.
1060 2330 1213 2408 Sulpicii
1239 2334 1273 2392 iu
1301 2330 1406 2395 trilm·
1514 2340 1517 2345 '

81 2429 168 2485 natu
194 2418 348 2501 quotidie
376 2422 612 2483 concionantis
644 2430 753 2483 totum
782 2441 887 2503 genus
916 2417 1050 2480 dicendi
1076 2422 1207 2499 penitus
1240 2426 1404 2502 cognovi·

82 2534 168 2576 mus.
188 2542 230 2557 -
248 2510 445 2592 Sulpicium
467 2509 510 2571 alr
531 2512 662 2589 optima
684 2532 791 2576 causo
813 2509 1029 2594 profectum,
1052 2508 1201 2589 Gaioque
1216 2509 1306 2572 Iulio
1326 2506 1405 2575 con-

81 2604 237 2668 sulatum
263 2608 386 2663 contra
418 2600 508 2681 leges
542 2603 669 2678 petenti
695 2606 921 2674 resistentem,
952 2598 1112 2678 longius,
1144 2619 1247 2680 quam
1276 2603 1404 2680 voluit,

80 2688 264 2776 pupiilaris
284 2710 374 2753 aura
401 2694 576 2771 prorexit,
598 2689 639 2750 ait
662 2691 741 2752 idem
765 2695 802 2753 de
826 2694 924 2772 lIcsp.
948 2690 1091 2770 Harusp.
1112 2712 1182 2770 cap.
1204 2692 1256 2753 it).
1301 2692 1405 2757 Dissi.

82 2788 177 2848 debat
198 2784 279 2845 euim
300 2782 428 2865 capitali
449 2784 524 2847 odio
546 2804 563 2844 a
585 2781 626 2862 Q.
645 2782 804 2865 Pompeio
827 2783 974 2858 consule,
991 2782 1126 2869 Ι1111111111
1149 2786 1404 2850 coniunctissime

82 2892 112 2941 et
137 2874 347 2940 amantissime
370 2875 511 2952 vixerat,
546 2876 575 2939 in
598 2877 713 2939 Laelio
736 2902 807 2960 cap.
832 2883 864 2941 1.
887 2896 1020 2960 cumque
1043 2889 1174 2940 aiictorc
1195 2879 1306 2944 Mario
1328 2904 1404 2963 pcr-

82 2972 220 3035 uiciosas
243 2969 330 3055 leges
354 2972 443 3053 (quas
466 2975 607 3055 pervim
630 2979 708 3039 latas
731 2975 816 3035 Sulla
840 2972 983 3046 dicebat,
1015 2982 1048 3033 ut
1069 2983 1116 3033 est
1138 2972 1281 3054 Philipp.
1305 2976 1402 3039 VIII.

82 3086 155 3149 cap.
176 3066 225 3143 9.)
247 3066 484 3149 promulgaret,
514 3090 551 3130 ac
573 3070 721 3153 Pompeii
742 3067 882 3132 consulis
903 3066 1016 3139 lilium,
1046 3064 1151 3127 Sullae
1173 3086 1324 3147 generum
1348 3088 1404 3132 oc-

82 3158 228 3231 cidisset,
254 3156 340 3221 Sulla
363 3180 433 3221 cusu
455 3164 597 3225 exercitu
621 3166 651 3227 in
674 3164 782 3225 iirbeus
807 3160 911 3232 reuit,
937 3179 976 3220 cx
999 3178 1099 3239 eaque
1121 3158 1255 3249 Sulpicii
1275 3174 1307 3224 et
1328 3164 1404 3225 uta.

82 3250 122 3315 rii
143 3249 315 3315 lectionem
338 3253 477 3334 expulit,
510 3256 621 3320 Livius
651 3259 734 3321 libro
756 3252 942 3318 LXXVII.
966 3262 999 3313 et
1025 3250 1091 3312 alii.
1147 3254 1230 3315 Tum
1253 3255 1339 3318 Sulla
1362 3257 1404 3320 P.

83 3344 257 3427 Sulpicium
279 3347 454 3429 oppressit,
480 3348 571 3431 cique
593 3351 682 3415 ferro
704 3362 811 3429 crepta
832 3346 894 3409 vita
912 3357 977 3408 est:
1002 3342 1120 3409 Cicero
1137 3343 1167 3407 iu
1188 3345 1317 3411 Catilio.
1338 3350 1404 3413 III.

83 3442 282 3519 cap.10.et
303 3440 359 3503 lib.
384 3442 446 3505 Ill.
469 3462 542 3525 cap.
563 3444 596 3506 3.
619 3447 658 3507 de
681 3446 833 3509 Oratore.
876 3437 999 3501 Marius
1025 3438 1129 3519 primo
1151 3441 1249 3502 senile
1270 3462 1400 3521 corpus,

83 3532 250 3613 paludibus
272 3534 450 3611 demersus,
475 3537 665 3602 occultavit:
696 3536 806 3600 deinde
829 3535 868 3594 ad
890 3532 1067 3593 intimorum
1090 3552 1127 3593 ac
1148 3533 1401 3596 tenuissimorum
1472 3592 1475 3599 ,

84 3625 245 3691 hominum
272 3628 447 3691 Minturnis
477 3630 722 3693 misericordiam
752 3625 917 3711 confugit:
951 3623 1023 3687 iude
1059 3624 1187 3710 navigio
1219 3648 1400 3709 perparvo,

82 3744 158 3787 crim
186 3742 293 3785 omues
320 3732 437 3803 portus
465 3734 631 3808 terrasque
662 3725 806 3809 frigeret,
841 3721 871 3783 iu
906 3741 979 3783 oras
1011 3719 1142 3783 Africae
1175 3720 1401 3783 desertissimas

81 3816 250 3902 peruenit,
281 3814 325 3878 ait
352 3814 469 3881 Cicer-6
499 3839 561 3899 pro
584 3818 688 3882 Sestio
717 3837 792 3898 cap.
814 3816 867 3879 M.
923 3814 1098 3877 Historiam
1121 3814 1296 3895 pleniorem
1319 3815 1403 3892 apud

83 3914 310 3987 Plutarchum,
352 3912 552 3995 Appianum,
593 3912 753 3977 Velleiuui
786 3913 840 3975 lib.
874 3910 921 3973 Il.
948 3929 1016 3989 cap,
1046 3910 1098 3970 19.
1129 3917 1160 3969 ct
1190 3907 1219 3968 in
1251 3906 1401 3987 Epitoma

83 4006 172 4071 Iririi
193 4005 346 4072 invenies.
393 4007 444 4072 De
474 4011 584 4071 eodem
616 4006 732 4072 Cicero
760 4017 833 4087 post
856 4005 990 4066 reditum
1021 4005 1059 4065 ad
1083 4001 1239 4079 Quirites:
1274 4022 1344 4082 cap.
1366 4002 1400 4064 8.

83 4102 118 4164 C.
142 4100 297 4163 Marium
318 4109 452 4181 egomet
472 4100 580 4164 dicere
603 4099 722 4161 audivi
731 4140 740 4173 ,
762 4109 833 4161 tum
854 4119 887 4160 se
903 4096 1019 4176 fuisse
1042 4097 1221 4168 miserum,
1242 4113 1321 4155 cum
1343 4113 1403 4157 ea·

82 4200 171 4255 reret
192 4193 329 4269 patria,
351 4210 455 4272 quam
486 4189 656 4253 obsidione
681 4188 902 4254 liberavisset:
936 4206 1014 4247 cum
1038 4204 1103 4246 sua
1126 4182 1216 4243 bona
1238 4183 1404 4263 possideri

81 4280 127 4343 alr
163 4282 309 4343 inimicis
346 4300 390 4342 ae
423 4281 527 4360 diripi
555 4281 706 4344 audiret:
743 4300 823 4343 cum
857 4276 1104 4340 adolescentem
1127 4270 1248 4347 silium
1280 4276 1402 4338 rideret

83 4369 233 4434 eiusdem
254 4372 388 4433 socium
413 4371 642 4433 calamitatis:
664 4392 742 4433 cum
769 4372 803 4431 in
826 4365 1011 4448 paludibus
1041 4363 1205 4425 demersus
1230 4384 1401 4428 concursu

83 4480 128 4523 ac
150 4459 383 4523 misericordia
405 4458 689 4523 Minturnensium
707 4478 832 4540 corpus
851 4478 894 4519 ac
919 4459 1021 4517 uitam
1039 4473 1136 4513 suam
1157 4462 1402 4519 conservasset:

83 4570 166 4613 cum
194 4570 303 4631 parra
326 4552 490 4613 navicula
513 4554 675 4615 traiectus
702 4554 737 4612 in
761 4548 938 4629 Africam,
969 4542 1091 4625 quibus
1115 4564 1222 4625 regna
1249 4548 1319 4627 ipse
1347 4544 1401 4609 de·

83 4640 199 4721 derat,
219 4640 268 4703 ad
288 4662 344 4705 eos
369 4643 467 4719 inops
486 4643 699 4724 supplexque
723 4644 868 4703 venisset.
905 4637 948 4697 Et
967 4633 998 4696 iu
1021 4632 1170 4697 Pisonem
1190 4658 1259 4718 cap.
1282 4634 1334 4701 19.
1366 4636 1400 4699 0.

85 4728 241 4795 Marium
264 4732 369 4794 Italia
391 4739 524 4794 serrata
555 4729 599 4792 alr
630 4732 694 4794 illo
722 4731 904 4794 demersum
926 4729 960 4788 in
986 4726 1271 4793 Minturnensium
1299 4728 1401 4809 palu·

88 4820 204 4899 11111111,
241 4820 365 4902 Africa
388 4818 519 4885 devicta
551 4819 740 4886 abeodem
773 4819 954 4899 expulsum
984 4826 1018 4882 et
1053 4820 1271 4903 naufragum
1308 4816 1399 4881 vidit.
