<?xml version="1.0" encoding="UTF-8"?>
<!DOCTYPE html PUBLIC "-//W3C//DTD XHTML 1.0 Transitional//EN"
    "http://www.w3.org/TR/xhtml1/DTD/xhtml1-transitional.dtd">
<html xmlns="http://www.w3.org/1999/xhtml" xml:lang="en" lang="en">
 <head>
  <title>
</title>
<meta http-equiv="Content-Type" content="text/html;charset=utf-8" />
  <meta name='ocr-system' content='tesseract 3.04.00' />
  <meta name='ocr-capabilities' content='ocr_page ocr_carea ocr_par ocr_line ocrx_word'/>
</head>
<body>
  <div class='ocr_page' id='page_1' title='image "./operaquaesupers07halmgoog_0055.png"; bbox 0 0 3218 5310; ppageno 0'>
   <div class='ocr_carea' id='block_1_1' title="bbox 139 216 1332 331">
    <p class='ocr_par' dir='ltr' id='par_1_1' title="bbox 139 216 1332 331">
     <span class='ocr_line' id='line_1_1' title="bbox 139 216 1332 331; baseline 0.016 -33"><span class='ocrx_word' id='word_1_1' title='bbox 139 249 179 312; x_wconf 83' lang='lat' dir='ltr'><strong>u</strong></span> <span class='ocrx_word' id='word_1_2' title='bbox 544 243 1059 325; x_wconf 75' lang='lat' dir='ltr'><strong>a1.annnttctcaa0nts</strong></span> <span class='ocrx_word' id='word_1_3' title='bbox 1086 247 1091 255; x_wconf 63' lang='grc'><em>“</em></span> <span class='ocrx_word' id='word_1_4' title='bbox 1205 216 1221 331; x_wconf 43' lang='lat'><strong>¹.</strong></span> <span class='ocrx_word' id='word_1_5' title='bbox 1327 272 1332 287; x_wconf 86' lang='lat'><em>·</em></span> 
     </span>
    </p>
   </div>
   <div class='ocr_carea' id='block_1_2' title="bbox 138 385 1462 661">
    <p class='ocr_par' dir='ltr' id='par_1_2' title="bbox 138 385 1462 661">
     <span class='ocr_line' id='line_1_2' title="bbox 140 385 1461 473; baseline -0.001 -17"><span class='ocrx_word' id='word_1_6' title='bbox 140 393 211 457; x_wconf 85' lang='lat' dir='ltr'><strong>Reo</strong></span> <span class='ocrx_word' id='word_1_7' title='bbox 235 392 273 453; x_wconf 89' lang='lat' dir='ltr'><strong>de</strong></span> <span class='ocrx_word' id='word_1_8' title='bbox 294 389 435 472; x_wconf 88' lang='lat' dir='ltr'><strong>pecuniis</strong></span> <span class='ocrx_word' id='word_1_9' title='bbox 456 389 640 473; x_wconf 70' lang='lat' dir='ltr'><strong>repetundis</strong></span> <span class='ocrx_word' id='word_1_10' title='bbox 663 386 819 454; x_wconf 77' lang='lat' dir='ltr'>Catilinae</span> <span class='ocrx_word' id='word_1_11' title='bbox 845 390 1018 452; x_wconf 80' lang='lat' dir='ltr'><strong>advocatus</strong></span> <span class='ocrx_word' id='word_1_12' title='bbox 1043 385 1104 450; x_wconf 85' lang='lat' dir='ltr'><strong>tuit</strong></span> <span class='ocrx_word' id='word_1_13' title='bbox 1118 389 1305 471; x_wconf 78' lang='lat' dir='ltr'><strong>Torquatus</strong></span> <span class='ocrx_word' id='word_1_14' title='bbox 1331 390 1461 466; x_wconf 69' lang='lat' dir='ltr'><strong>consule</strong></span> 
     </span>
     <span class='ocr_line' id='line_1_3' title="bbox 138 479 1462 570; baseline -0.002 -21"><span class='ocrx_word' id='word_1_15' title='bbox 138 506 200 566; x_wconf 88' lang='lat' dir='ltr'><strong>pro</strong></span> <span class='ocrx_word' id='word_1_16' title='bbox 222 484 309 548; x_wconf 90' lang='lat' dir='ltr'><strong>Sulla</strong></span> <span class='ocrx_word' id='word_1_17' title='bbox 332 505 403 566; x_wconf 88' lang='lat' dir='ltr'><strong>cap.</strong></span> <span class='ocrx_word' id='word_1_18' title='bbox 426 484 478 546; x_wconf 81' lang='grc'><strong>29.</strong></span> <span class='ocrx_word' id='word_1_19' title='bbox 523 481 657 549; x_wconf 77' lang='lat' dir='ltr'><strong>Clodius</strong></span> <span class='ocrx_word' id='word_1_20' title='bbox 682 493 848 545; x_wconf 85' lang='lat' dir='ltr'><strong>aeettsator</strong></span> <span class='ocrx_word' id='word_1_21' title='bbox 869 503 885 543; x_wconf 92' lang='lat' dir='ltr'><strong>a</strong></span> <span class='ocrx_word' id='word_1_22' title='bbox 910 479 1044 546; x_wconf 79' lang='lat' dir='ltr'>Catilina</span> <span class='ocrx_word' id='word_1_23' title='bbox 1066 479 1233 570; x_wconf 76' lang='lat' dir='ltr'><strong>pecuniata</strong></span> <span class='ocrx_word' id='word_1_24' title='bbox 1255 482 1402 566; x_wconf 85' lang='lat' dir='ltr'><strong>aceepit,</strong></span> <span class='ocrx_word' id='word_1_25' title='bbox 1431 495 1462 557; x_wconf 83' lang='lat' dir='ltr'><strong>ut</strong></span> 
     </span>
     <span class='ocr_line' id='line_1_4' title="bbox 138 576 1148 661; baseline -0.002 -20"><span class='ocrx_word' id='word_1_26' title='bbox 138 576 320 661; x_wconf 76' lang='lat' dir='ltr'><strong>turpissime</strong></span> <span class='ocrx_word' id='word_1_27' title='bbox 340 577 631 661; x_wconf 76' lang='lat' dir='ltr'><strong>praevaricaretur:</strong></span> <span class='ocrx_word' id='word_1_28' title='bbox 657 578 695 638; x_wconf 95' lang='lat' dir='ltr'><strong>de</strong></span> <span class='ocrx_word' id='word_1_29' title='bbox 717 578 862 658; x_wconf 87' lang='lat' dir='ltr'><strong>Harttsp.</strong></span> <span class='ocrx_word' id='word_1_30' title='bbox 886 595 974 658; x_wconf 82' lang='lat' dir='ltr'><strong>resp.</strong></span> <span class='ocrx_word' id='word_1_31' title='bbox 999 597 1071 658; x_wconf 88' lang='lat' dir='ltr'><strong>cap.</strong></span> <span class='ocrx_word' id='word_1_32' title='bbox 1095 576 1148 639; x_wconf 86' lang='grc'><strong>20.</strong></span> 
     </span>
    </p>
   </div>
   <div class='ocr_carea' id='block_1_3' title="bbox 228 834 1377 1076">
    <p class='ocr_par' dir='ltr' id='par_1_3' title="bbox 228 834 1377 1076">
     <span class='ocr_line' id='line_1_5' title="bbox 228 834 1377 927; baseline -0.002 -21"><span class='ocrx_word' id='word_1_33' title='bbox 228 843 329 906; x_wconf 87' lang='lat' dir='ltr'><strong>Anno</strong></span> <span class='ocrx_word' id='word_1_34' title='bbox 352 839 453 905; x_wconf 82' lang='lat' dir='ltr'><strong>Urbis</strong></span> <span class='ocrx_word' id='word_1_35' title='bbox 475 840 735 905; x_wconf 84' lang='lat' dir='ltr'><strong>DCLXXXIX.</strong></span> <span class='ocrx_word' id='word_1_36' title='bbox 759 834 929 904; x_wconf 82' lang='lat' dir='ltr'><strong>Ciceronis</strong></span> <span class='ocrx_word' id='word_1_37' title='bbox 952 839 1084 903; x_wconf 84' lang='lat' dir='ltr'><strong>XLIII.</strong></span> <span class='ocrx_word' id='word_1_38' title='bbox 1108 857 1199 902; x_wconf 85' lang='lat' dir='ltr'><strong>coes.</strong></span> <span class='ocrx_word' id='word_1_39' title='bbox 1220 836 1377 927; x_wconf 81' lang='lat' dir='ltr'><strong>fuerunt</strong></span> 
     </span>
     <span class='ocr_line' id='line_1_6' title="bbox 268 980 1334 1076; baseline -0.001 -18"><span class='ocrx_word' id='word_1_40' title='bbox 268 985 312 1058; x_wconf 72' lang='grc' dir='ltr'><strong>Ιι.</strong></span> <span class='ocrx_word' id='word_1_41' title='bbox 339 982 509 1059; x_wconf 85' lang='lat' dir='ltr'>IULIUS</span> <span class='ocrx_word' id='word_1_42' title='bbox 536 980 749 1076; x_wconf 68' lang='lat' dir='ltr'><strong>CAESAR,</strong></span> <span class='ocrx_word' id='word_1_43' title='bbox 778 983 819 1055; x_wconf 87' lang='lat' dir='ltr'><strong>C.</strong></span> <span class='ocrx_word' id='word_1_44' title='bbox 846 980 1070 1057; x_wconf 83' lang='lat' dir='ltr'><strong>MARCIUS</strong></span> <span class='ocrx_word' id='word_1_45' title='bbox 1096 980 1334 1060; x_wconf 83' lang='lat' dir='ltr'><strong>FIGULUS.</strong></span> 
     </span>
    </p>
   </div>
   <div class='ocr_carea' id='block_1_4' title="bbox 138 1135 1457 1316">
    <p class='ocr_par' dir='ltr' id='par_1_4' title="bbox 138 1135 1457 1316">
     <span class='ocr_line' id='line_1_7' title="bbox 221 1135 1457 1220; baseline 0.003 -16"><span class='ocrx_word' id='word_1_46' title='bbox 221 1142 293 1206; x_wconf 89' lang='lat' dir='ltr'><strong>Hos</strong></span> <span class='ocrx_word' id='word_1_47' title='bbox 315 1139 460 1203; x_wconf 84' lang='lat' dir='ltr'><strong>eonsttlcs</strong></span> <span class='ocrx_word' id='word_1_48' title='bbox 483 1136 623 1201; x_wconf 87' lang='lat' dir='ltr'><strong>nominat</strong></span> <span class='ocrx_word' id='word_1_49' title='bbox 639 1136 758 1202; x_wconf 87' lang='lat' dir='ltr'><strong>Cicero</strong></span> <span class='ocrx_word' id='word_1_50' title='bbox 780 1160 842 1219; x_wconf 88' lang='lat' dir='ltr'><strong>pro</strong></span> <span class='ocrx_word' id='word_1_51' title='bbox 865 1137 952 1200; x_wconf 86' lang='lat' dir='ltr'><strong>Sulla</strong></span> <span class='ocrx_word' id='word_1_52' title='bbox 979 1158 1050 1220; x_wconf 89' lang='lat' dir='ltr'><strong>eap.</strong></span> <span class='ocrx_word' id='word_1_53' title='bbox 1073 1138 1147 1213; x_wconf 86' lang='grc'><strong>20.;</strong></span> <span class='ocrx_word' id='word_1_54' title='bbox 1172 1135 1281 1201; x_wconf 90' lang='lat' dir='ltr'><strong>iisdem</strong></span> <span class='ocrx_word' id='word_1_55' title='bbox 1304 1160 1341 1203; x_wconf 91' lang='lat' dir='ltr'><strong>se</strong></span> <span class='ocrx_word' id='word_1_56' title='bbox 1363 1138 1457 1207; x_wconf 78' lang='lat' dir='ltr'><strong>filiolo</strong></span> 
     </span>
     <span class='ocr_line' id='line_1_8' title="bbox 138 1230 1457 1316; baseline -0.002 -16"><span class='ocrx_word' id='word_1_57' title='bbox 138 1237 283 1316; x_wconf 83' lang='lat' dir='ltr'><strong>(Marco)</strong></span> <span class='ocrx_word' id='word_1_58' title='bbox 297 1246 420 1298; x_wconf 76' lang='lat' dir='ltr'><strong>strettun</strong></span> <span class='ocrx_word' id='word_1_59' title='bbox 436 1230 546 1295; x_wconf 81' lang='lat' dir='ltr'><strong>scribit</strong></span> <span class='ocrx_word' id='word_1_60' title='bbox 562 1248 614 1313; x_wconf 88' lang='lat' dir='ltr'><strong>ep.</strong></span> <span class='ocrx_word' id='word_1_61' title='bbox 633 1233 664 1292; x_wconf 86' lang='lat'><strong>1.</strong></span> <span class='ocrx_word' id='word_1_62' title='bbox 685 1231 743 1295; x_wconf 93' lang='lat' dir='ltr'><strong>lib.</strong></span> <span class='ocrx_word' id='word_1_63' title='bbox 760 1233 788 1295; x_wconf 91' lang='lat' dir='ltr'><strong>l.</strong></span> <span class='ocrx_word' id='word_1_64' title='bbox 813 1232 852 1293; x_wconf 88' lang='lat' dir='ltr'><strong>atl</strong></span> <span class='ocrx_word' id='word_1_65' title='bbox 865 1230 983 1295; x_wconf 69' lang='lat' dir='ltr'><strong>Attin·</strong></span> <span class='ocrx_word' id='word_1_66' title='bbox 1014 1230 1097 1311; x_wconf 87' lang='lat' dir='ltr'><strong>Quia</strong></span> <span class='ocrx_word' id='word_1_67' title='bbox 1112 1251 1192 1295; x_wconf 85' lang='lat' dir='ltr'><strong>vero</strong></span> <span class='ocrx_word' id='word_1_68' title='bbox 1212 1253 1312 1313; x_wconf 81' lang='lat' dir='ltr'><strong>annus</strong></span> <span class='ocrx_word' id='word_1_69' title='bbox 1326 1230 1457 1299; x_wconf 85' lang='lat' dir='ltr'><strong>XLIII.</strong></span> 
     </span>
    </p>
   </div>
   <div class='ocr_carea' id='block_1_5' title="bbox 22 1323 1458 1415">
    <p class='ocr_par' dir='ltr' id='par_1_5' title="bbox 22 1323 1458 1415">
     <span class='ocr_line' id='line_1_9' title="bbox 22 1323 1458 1415; baseline -0.002 -21"><span class='ocrx_word' id='word_1_70' title='bbox 22 1331 26 1336; x_wconf 76' lang='grc'><strong>’</strong></span> <span class='ocrx_word' id='word_1_71' title='bbox 138 1328 262 1415; x_wconf 73' lang='lat' dir='ltr'><strong>legibus</strong></span> <span class='ocrx_word' id='word_1_72' title='bbox 280 1325 432 1394; x_wconf 87' lang='lat' dir='ltr'><strong>Romanis</strong></span> <span class='ocrx_word' id='word_1_73' title='bbox 455 1324 632 1389; x_wconf 86' lang='lat' dir='ltr'><strong>consularis</strong></span> <span class='ocrx_word' id='word_1_74' title='bbox 653 1324 733 1399; x_wconf 89' lang='lat' dir='ltr'><strong>l&#39;ttit,</strong></span> <span class='ocrx_word' id='word_1_75' title='bbox 759 1336 791 1386; x_wconf 87' lang='lat' dir='ltr'><strong>nt</strong></span> <span class='ocrx_word' id='word_1_76' title='bbox 813 1323 931 1388; x_wconf 87' lang='lat' dir='ltr'><strong>Cicero</strong></span> <span class='ocrx_word' id='word_1_77' title='bbox 955 1323 1099 1407; x_wconf 83' lang='lat' dir='ltr'><strong>Philipp.</strong></span> <span class='ocrx_word' id='word_1_78' title='bbox 1118 1326 1163 1388; x_wconf 87' lang='lat' dir='ltr'><strong>V.</strong></span> <span class='ocrx_word' id='word_1_79' title='bbox 1188 1346 1261 1407; x_wconf 89' lang='lat' dir='ltr'><strong>eap.</strong></span> <span class='ocrx_word' id='word_1_80' title='bbox 1277 1325 1333 1390; x_wconf 92' lang='grc'><strong>17.</strong></span> <span class='ocrx_word' id='word_1_81' title='bbox 1357 1338 1458 1392; x_wconf 85' lang='lat' dir='ltr'><strong>ostea-</strong></span> 
     </span>
    </p>
   </div>
   <div class='ocr_carea' id='block_1_6' title="bbox 116 1417 1485 3661">
    <p class='ocr_par' dir='ltr' id='par_1_6' title="bbox 116 1417 1485 3661">
     <span class='ocr_line' id='line_1_10' title="bbox 116 1417 1457 1504; baseline 0 -19"><span class='ocrx_word' id='word_1_82' title='bbox 116 1424 201 1498; x_wconf 87' lang='lat' dir='ltr'><strong>-dit,</strong></span> <span class='ocrx_word' id='word_1_83' title='bbox 224 1422 299 1486; x_wconf 91' lang='lat' dir='ltr'><strong>ideo</strong></span> <span class='ocrx_word' id='word_1_84' title='bbox 316 1420 433 1485; x_wconf 88' lang='lat' dir='ltr'><strong>Cicero</strong></span> <span class='ocrx_word' id='word_1_85' title='bbox 449 1421 511 1482; x_wconf 89' lang='lat' dir='ltr'><strong>hoe</strong></span> <span class='ocrx_word' id='word_1_86' title='bbox 529 1440 611 1482; x_wconf 89' lang='lat' dir='ltr'><strong>anno</strong></span> <span class='ocrx_word' id='word_1_87' title='bbox 630 1421 826 1482; x_wconf 87' lang='lat' dir='ltr'><strong>consulatum</strong></span> <span class='ocrx_word' id='word_1_88' title='bbox 842 1417 974 1499; x_wconf 84' lang='lat' dir='ltr'><strong>petivit;</strong></span> <span class='ocrx_word' id='word_1_89' title='bbox 998 1419 1036 1480; x_wconf 90' lang='lat' dir='ltr'><strong>de</strong></span> <span class='ocrx_word' id='word_1_90' title='bbox 1052 1439 1117 1502; x_wconf 89' lang='lat' dir='ltr'><strong>qtto</strong></span> <span class='ocrx_word' id='word_1_91' title='bbox 1132 1438 1194 1500; x_wconf 87' lang='lat' dir='ltr'><strong>pro</strong></span> <span class='ocrx_word' id='word_1_92' title='bbox 1209 1417 1325 1488; x_wconf 84' lang='lat' dir='ltr'><strong>Caelio</strong></span> <span class='ocrx_word' id='word_1_93' title='bbox 1342 1442 1416 1504; x_wconf 87' lang='lat' dir='ltr'><strong>cap.</strong></span> <span class='ocrx_word' id='word_1_94' title='bbox 1430 1424 1457 1485; x_wconf 82' lang='lat' dir='ltr'><strong>l.</strong></span> 
     </span>
     <span class='ocr_line' id='line_1_11' title="bbox 138 1509 1457 1605; baseline -0.005 -22"><span class='ocrx_word' id='word_1_95' title='bbox 138 1517 308 1599; x_wconf 77' lang='lat' dir='ltr'><strong>Deinceps</strong></span> <span class='ocrx_word' id='word_1_96' title='bbox 321 1513 407 1605; x_wconf 84' lang='lat' dir='ltr'><strong>fuit</strong></span> <span class='ocrx_word' id='word_1_97' title='bbox 426 1534 557 1589; x_wconf 80' lang='lat' dir='ltr'><strong>orantes,</strong></span> <span class='ocrx_word' id='word_1_98' title='bbox 590 1513 710 1597; x_wconf 87' lang='lat' dir='ltr'><strong>inquit,</strong></span> <span class='ocrx_word' id='word_1_99' title='bbox 742 1533 810 1596; x_wconf 79' lang='lat' dir='ltr'><strong>quo</strong></span> <span class='ocrx_word' id='word_1_100' title='bbox 833 1533 900 1593; x_wconf 81' lang='lat' dir='ltr'><strong>ego</strong></span> <span class='ocrx_word' id='word_1_101' title='bbox 923 1512 1139 1574; x_wconf 68' lang='lat' dir='ltr'><strong>consulatum</strong></span> <span class='ocrx_word' id='word_1_102' title='bbox 1159 1509 1280 1593; x_wconf 79' lang='lat' dir='ltr'><strong>petivi.</strong></span> <span class='ocrx_word' id='word_1_103' title='bbox 1324 1513 1372 1577; x_wconf 90' lang='lat' dir='ltr'><strong>In.</strong></span> <span class='ocrx_word' id='word_1_104' title='bbox 1386 1534 1457 1579; x_wconf 87' lang='lat' dir='ltr'><strong>eoa-</strong></span> 
     </span>
     <span class='ocr_line' id='line_1_12' title="bbox 138 1603 1458 1692; baseline -0.002 -18"><span class='ocrx_word' id='word_1_105' title='bbox 138 1611 258 1674; x_wconf 86' lang='lat' dir='ltr'><strong>snlattts</strong></span> <span class='ocrx_word' id='word_1_106' title='bbox 276 1607 431 1692; x_wconf 78' lang='lat' dir='ltr'><strong>petitIonc</strong></span> <span class='ocrx_word' id='word_1_107' title='bbox 454 1628 511 1668; x_wconf 87' lang='lat' dir='ltr'><strong>sex</strong></span> <span class='ocrx_word' id='word_1_108' title='bbox 532 1605 760 1687; x_wconf 79' lang='lat' dir='ltr'><strong>competitores</strong></span> <span class='ocrx_word' id='word_1_109' title='bbox 779 1604 897 1670; x_wconf 86' lang='lat' dir='ltr'><strong>Cicero</strong></span> <span class='ocrx_word' id='word_1_110' title='bbox 913 1605 1039 1680; x_wconf 83' lang='lat' dir='ltr'><strong>habuit,</strong></span> <span class='ocrx_word' id='word_1_111' title='bbox 1063 1604 1105 1667; x_wconf 88' lang='grc' dir='ltr'><strong>Ρ.</strong></span> <span class='ocrx_word' id='word_1_112' title='bbox 1121 1603 1295 1687; x_wconf 89' lang='lat' dir='ltr'><strong>Sulpicium</strong></span> <span class='ocrx_word' id='word_1_113' title='bbox 1314 1607 1458 1684; x_wconf 79' lang='lat' dir='ltr'><strong>Galbam,</strong></span> 
     </span>
     <span class='ocr_line' id='line_1_13' title="bbox 137 1697 1458 1788; baseline -0.004 -20"><span class='ocrx_word' id='word_1_114' title='bbox 137 1707 181 1768; x_wconf 88' lang='lat' dir='ltr'><strong>L.</strong></span> <span class='ocrx_word' id='word_1_115' title='bbox 198 1702 345 1788; x_wconf 83' lang='lat' dir='ltr'><strong>Sergium</strong></span> <span class='ocrx_word' id='word_1_116' title='bbox 367 1698 554 1776; x_wconf 83' lang='lat' dir='ltr'><strong>Catilinam,</strong></span> <span class='ocrx_word' id='word_1_117' title='bbox 579 1699 621 1765; x_wconf 94' lang='lat' dir='ltr'><strong>C.</strong></span> <span class='ocrx_word' id='word_1_118' title='bbox 645 1697 836 1774; x_wconf 89' lang='lat' dir='ltr'><strong>Antonium,</strong></span> <span class='ocrx_word' id='word_1_119' title='bbox 862 1699 904 1762; x_wconf 94' lang='lat' dir='ltr'><strong>L.</strong></span> <span class='ocrx_word' id='word_1_120' title='bbox 921 1697 1066 1763; x_wconf 89' lang='lat' dir='ltr'><strong>Cassium</strong></span> <span class='ocrx_word' id='word_1_121' title='bbox 1085 1697 1288 1783; x_wconf 73' lang='lat' dir='ltr'><strong>Longinon,</strong></span> <span class='ocrx_word' id='word_1_122' title='bbox 1313 1700 1359 1782; x_wconf 85' lang='lat' dir='ltr'><strong>Q.</strong></span> <span class='ocrx_word' id='word_1_123' title='bbox 1376 1698 1458 1767; x_wconf 90' lang='lat' dir='ltr'><strong>Cor·</strong></span> 
     </span>
     <span class='ocr_line' id='line_1_14' title="bbox 137 1792 1457 1877; baseline -0.002 -16"><span class='ocrx_word' id='word_1_124' title='bbox 137 1797 292 1871; x_wconf 85' lang='lat' dir='ltr'><strong>nificiunt,</strong></span> <span class='ocrx_word' id='word_1_125' title='bbox 327 1807 360 1859; x_wconf 91' lang='lat' dir='ltr'><strong>et</strong></span> <span class='ocrx_word' id='word_1_126' title='bbox 382 1794 423 1859; x_wconf 96' lang='lat' dir='ltr'><strong>C.</strong></span> <span class='ocrx_word' id='word_1_127' title='bbox 447 1794 603 1857; x_wconf 88' lang='lat' dir='ltr'><strong>Licinium</strong></span> <span class='ocrx_word' id='word_1_128' title='bbox 627 1795 851 1866; x_wconf 82' lang='lat' dir='ltr'><strong>Sacerdotem3</strong></span> <span class='ocrx_word' id='word_1_129' title='bbox 885 1793 924 1855; x_wconf 90' lang='lat' dir='ltr'><strong>de</strong></span> <span class='ocrx_word' id='word_1_130' title='bbox 947 1792 1062 1877; x_wconf 89' lang='lat' dir='ltr'><strong>quibus</strong></span> <span class='ocrx_word' id='word_1_131' title='bbox 1083 1794 1244 1857; x_wconf 82' lang='lat' dir='ltr'><strong>Asconius</strong></span> <span class='ocrx_word' id='word_1_132' title='bbox 1265 1792 1297 1858; x_wconf 93' lang='lat' dir='ltr'><strong>in</strong></span> <span class='ocrx_word' id='word_1_133' title='bbox 1322 1806 1408 1861; x_wconf 89' lang='lat' dir='ltr'><strong>orat.</strong></span> <span class='ocrx_word' id='word_1_134' title='bbox 1430 1794 1457 1861; x_wconf 88' lang='lat' dir='ltr'><strong>ia</strong></span> 
     </span>
     <span class='ocr_line' id='line_1_15' title="bbox 136 1883 1459 1977; baseline -0.005 -20"><span class='ocrx_word' id='word_1_135' title='bbox 136 1904 210 1977; x_wconf 83' lang='lat' dir='ltr'><strong>tog.</strong></span> <span class='ocrx_word' id='word_1_136' title='bbox 230 1892 320 1955; x_wconf 89' lang='lat' dir='ltr'><strong>eand.</strong></span> <span class='ocrx_word' id='word_1_137' title='bbox 343 1889 386 1969; x_wconf 83' lang='grc'><strong>0.</strong></span> <span class='ocrx_word' id='word_1_138' title='bbox 405 1887 522 1953; x_wconf 86' lang='lat' dir='ltr'><strong>Cicero</strong></span> <span class='ocrx_word' id='word_1_139' title='bbox 544 1891 584 1952; x_wconf 88' lang='lat' dir='ltr'><strong>de</strong></span> <span class='ocrx_word' id='word_1_140' title='bbox 606 1887 757 1971; x_wconf 86' lang='lat' dir='ltr'><strong>petitione</strong></span> <span class='ocrx_word' id='word_1_141' title='bbox 779 1908 871 1950; x_wconf 89' lang='lat' dir='ltr'><strong>cons.</strong></span> <span class='ocrx_word' id='word_1_142' title='bbox 895 1908 967 1968; x_wconf 86' lang='lat' dir='ltr'><strong>cap.</strong></span> <span class='ocrx_word' id='word_1_143' title='bbox 987 1885 1018 1948; x_wconf 88' lang='grc'><strong>2.</strong></span> <span class='ocrx_word' id='word_1_144' title='bbox 1044 1883 1161 1950; x_wconf 85' lang='lat' dir='ltr'><strong>Cicero</strong></span> <span class='ocrx_word' id='word_1_145' title='bbox 1177 1886 1245 1970; x_wconf 86' lang='lat' dir='ltr'><strong>ipse</strong></span> <span class='ocrx_word' id='word_1_146' title='bbox 1259 1889 1300 1951; x_wconf 91' lang='lat' dir='ltr'><strong>ad</strong></span> <span class='ocrx_word' id='word_1_147' title='bbox 1315 1887 1419 1954; x_wconf 81' lang='lat' dir='ltr'><strong>Attic.</strong></span> <span class='ocrx_word' id='word_1_148' title='bbox 1433 1888 1459 1953; x_wconf 92' lang='lat' dir='ltr'><strong>l.</strong></span> 
     </span>
     <span class='ocr_line' id='line_1_16' title="bbox 137 1978 1461 2071; baseline -0.002 -21"><span class='ocrx_word' id='word_1_149' title='bbox 137 1989 202 2068; x_wconf 89' lang='lat' dir='ltr'><strong>Ep.</strong></span> <span class='ocrx_word' id='word_1_150' title='bbox 228 1988 258 2047; x_wconf 92' lang='grc'><strong>1.</strong></span> <span class='ocrx_word' id='word_1_151' title='bbox 303 1984 341 2048; x_wconf 90' lang='lat' dir='ltr'><strong>ln</strong></span> <span class='ocrx_word' id='word_1_152' title='bbox 364 1982 411 2045; x_wconf 90' lang='lat' dir='ltr'><strong>ltis</strong></span> <span class='ocrx_word' id='word_1_153' title='bbox 435 1981 556 2066; x_wconf 89' lang='lat' dir='ltr'><strong>patricii</strong></span> <span class='ocrx_word' id='word_1_154' title='bbox 579 1983 642 2044; x_wconf 90' lang='lat' dir='ltr'><strong>tltto</strong></span> <span class='ocrx_word' id='word_1_155' title='bbox 665 1982 811 2055; x_wconf 84' lang='lat' dir='ltr'><strong>luerunt,</strong></span> <span class='ocrx_word' id='word_1_156' title='bbox 836 1981 879 2046; x_wconf 87' lang='lat' dir='ltr'><strong>P.</strong></span> <span class='ocrx_word' id='word_1_157' title='bbox 903 1980 1006 2043; x_wconf 83' lang='lat' dir='ltr'><strong>Galba</strong></span> <span class='ocrx_word' id='word_1_158' title='bbox 1028 1992 1059 2042; x_wconf 93' lang='lat' dir='ltr'><strong>et</strong></span> <span class='ocrx_word' id='word_1_159' title='bbox 1084 1982 1126 2043; x_wconf 93' lang='lat' dir='ltr'><strong>L.</strong></span> <span class='ocrx_word' id='word_1_160' title='bbox 1152 1978 1308 2058; x_wconf 79' lang='lat' dir='ltr'><strong>Catilina3</strong></span> <span class='ocrx_word' id='word_1_161' title='bbox 1333 1985 1373 2048; x_wconf 89' lang='lat' dir='ltr'><strong>de</strong></span> <span class='ocrx_word' id='word_1_162' title='bbox 1393 1982 1461 2071; x_wconf 78' lang='lat' dir='ltr'><strong>qui·</strong></span> 
     </span>
     <span class='ocr_line' id='line_1_17' title="bbox 137 2073 1463 2159; baseline -0.002 -16"><span class='ocrx_word' id='word_1_163' title='bbox 137 2082 197 2144; x_wconf 89' lang='lat' dir='ltr'><strong>bns</strong></span> <span class='ocrx_word' id='word_1_164' title='bbox 223 2076 342 2143; x_wconf 87' lang='lat' dir='ltr'><strong>Cicero</strong></span> <span class='ocrx_word' id='word_1_165' title='bbox 372 2097 434 2159; x_wconf 89' lang='lat' dir='ltr'><strong>pro</strong></span> <span class='ocrx_word' id='word_1_166' title='bbox 461 2077 599 2139; x_wconf 86' lang='lat' dir='ltr'><strong>Murena</strong></span> <span class='ocrx_word' id='word_1_167' title='bbox 630 2097 700 2158; x_wconf 87' lang='lat' dir='ltr'><strong>cap.</strong></span> <span class='ocrx_word' id='word_1_168' title='bbox 726 2075 760 2138; x_wconf 88' lang='lat'><strong>8.</strong></span> <span class='ocrx_word' id='word_1_169' title='bbox 803 2074 940 2139; x_wconf 79' lang='lat' dir='ltr'><strong>Etenim</strong></span> <span class='ocrx_word' id='word_1_170' title='bbox 962 2073 1133 2156; x_wconf 80' lang='lat' dir='ltr'><strong>mihiipsi</strong></span> <span class='ocrx_word' id='word_1_171' title='bbox 1153 2074 1293 2152; x_wconf 76' lang='lat' dir='ltr'><strong>oceidit,</strong></span> <span class='ocrx_word' id='word_1_172' title='bbox 1325 2086 1367 2141; x_wconf 81' lang='lat' dir='ltr'><strong>tei</strong></span> <span class='ocrx_word' id='word_1_173' title='bbox 1387 2096 1463 2141; x_wconf 72' lang='lat' dir='ltr'><strong>eram</strong></span> 
     </span>
     <span class='ocr_line' id='line_1_18' title="bbox 137 2167 1462 2253; baseline 0 -18"><span class='ocrx_word' id='word_1_174' title='bbox 137 2173 270 2237; x_wconf 82' lang='lat' dir='ltr'><strong>dnobus</strong></span> <span class='ocrx_word' id='word_1_175' title='bbox 295 2169 474 2253; x_wconf 83' lang='lat' dir='ltr'><strong>patriciis,</strong></span> <span class='ocrx_word' id='word_1_176' title='bbox 508 2171 619 2231; x_wconf 82' lang='lat' dir='ltr'><strong>altero</strong></span> <span class='ocrx_word' id='word_1_177' title='bbox 650 2169 904 2250; x_wconf 86' lang='lat' dir='ltr'><strong>improbissimo</strong></span> <span class='ocrx_word' id='word_1_178' title='bbox 933 2179 1035 2252; x_wconf 85' lang='lat' dir='ltr'><strong>otqtte</strong></span> <span class='ocrx_word' id='word_1_179' title='bbox 1063 2167 1313 2246; x_wconf 83' lang='lat' dir='ltr'><strong>ortdocissimo,</strong></span> <span class='ocrx_word' id='word_1_180' title='bbox 1351 2170 1462 2235; x_wconf 77' lang='lat' dir='ltr'><strong>eiuro</strong></span> 
     </span>
     <span class='ocr_line' id='line_1_19' title="bbox 138 2261 1463 2349; baseline -0.001 -19"><span class='ocrx_word' id='word_1_181' title='bbox 138 2263 391 2330; x_wconf 81' lang='lat' dir='ltr'><strong>modestissimo</strong></span> <span class='ocrx_word' id='word_1_182' title='bbox 407 2273 509 2344; x_wconf 82' lang='lat' dir='ltr'><strong>utque</strong></span> <span class='ocrx_word' id='word_1_183' title='bbox 527 2261 656 2343; x_wconf 83' lang='lat' dir='ltr'><strong>optimo</strong></span> <span class='ocrx_word' id='word_1_184' title='bbox 675 2261 765 2337; x_wconf 84' lang='lat' dir='ltr'><strong>viro,</strong></span> <span class='ocrx_word' id='word_1_185' title='bbox 786 2273 957 2343; x_wconf 65' lang='lat' dir='ltr'><strong>peterem</strong></span> <span class='ocrx_word' id='word_1_186' title='bbox 978 2262 1138 2343; x_wconf 84' lang='lat' dir='ltr'><strong>superavi</strong></span> <span class='ocrx_word' id='word_1_187' title='bbox 1159 2272 1273 2325; x_wconf 85' lang='lat' dir='ltr'><strong>tomen</strong></span> <span class='ocrx_word' id='word_1_188' title='bbox 1295 2263 1463 2349; x_wconf 79' lang='lat' dir='ltr'><strong>digniiuie</strong></span> 
     </span>
     <span class='ocr_line' id='line_1_20' title="bbox 124 2353 1463 2437; baseline -0.003 -12"><span class='ocrx_word' id='word_1_189' title='bbox 124 2358 341 2433; x_wconf 73' lang='lat' dir='ltr'><strong>Catilinam,</strong></span> <span class='ocrx_word' id='word_1_190' title='bbox 371 2353 490 2437; x_wconf 80' lang='lat' dir='ltr'><strong>gratio</strong></span> <span class='ocrx_word' id='word_1_191' title='bbox 511 2355 667 2417; x_wconf 73' lang='lat' dir='ltr'><strong>Galbam.</strong></span> <span class='ocrx_word' id='word_1_192' title='bbox 714 2353 795 2419; x_wconf 88' lang='lat' dir='ltr'><strong>Cum</strong></span> <span class='ocrx_word' id='word_1_193' title='bbox 822 2367 924 2416; x_wconf 85' lang='lat' dir='ltr'><strong>autem</strong></span> <span class='ocrx_word' id='word_1_194' title='bbox 950 2354 982 2418; x_wconf 94' lang='lat' dir='ltr'><strong>itt</strong></span> <span class='ocrx_word' id='word_1_195' title='bbox 1011 2354 1076 2417; x_wconf 91' lang='lat' dir='ltr'><strong>dies</strong></span> <span class='ocrx_word' id='word_1_196' title='bbox 1102 2355 1224 2418; x_wconf 88' lang='lat' dir='ltr'><strong>lieentia</strong></span> <span class='ocrx_word' id='word_1_197' title='bbox 1248 2358 1388 2422; x_wconf 84' lang='lat' dir='ltr'><strong>ambitus</strong></span> <span class='ocrx_word' id='word_1_198' title='bbox 1409 2354 1463 2421; x_wconf 82' lang='lat' dir='ltr'><strong>att&#39;·</strong></span> 
     </span>
     <span class='ocr_line' id='line_1_21' title="bbox 138 2446 1464 2540; baseline -0.001 -25"><span class='ocrx_word' id='word_1_199' title='bbox 138 2462 268 2540; x_wconf 85' lang='lat' dir='ltr'><strong>geretur</strong></span> <span class='ocrx_word' id='word_1_200' title='bbox 297 2460 432 2533; x_wconf 90' lang='lat' dir='ltr'><strong>propter</strong></span> <span class='ocrx_word' id='word_1_201' title='bbox 461 2447 663 2529; x_wconf 83' lang='lat' dir='ltr'><strong>praeeipuam</strong></span> <span class='ocrx_word' id='word_1_202' title='bbox 688 2446 842 2512; x_wconf 86' lang='lat' dir='ltr'><strong>Catilinae</strong></span> <span class='ocrx_word' id='word_1_203' title='bbox 871 2460 902 2510; x_wconf 92' lang='lat' dir='ltr'><strong>et</strong></span> <span class='ocrx_word' id='word_1_204' title='bbox 924 2447 1057 2511; x_wconf 81' lang='lat' dir='ltr'><strong>Antonii</strong></span> <span class='ocrx_word' id='word_1_205' title='bbox 1086 2449 1268 2525; x_wconf 89' lang='lat' dir='ltr'><strong>nttdaciatn,</strong></span> <span class='ocrx_word' id='word_1_206' title='bbox 1297 2461 1464 2516; x_wconf 71' lang='lat' dir='ltr'><strong>censuerat</strong></span> 
     </span>
     <span class='ocr_line' id='line_1_22' title="bbox 138 2539 1463 2625; baseline -0.002 -14"><span class='ocrx_word' id='word_1_207' title='bbox 138 2557 283 2619; x_wconf 89' lang='lat' dir='ltr'><strong>senatus,</strong></span> <span class='ocrx_word' id='word_1_208' title='bbox 314 2555 349 2606; x_wconf 91' lang='lat' dir='ltr'><strong>ut</strong></span> <span class='ocrx_word' id='word_1_209' title='bbox 371 2542 423 2605; x_wconf 81' lang='lat' dir='ltr'><strong>len</strong></span> <span class='ocrx_word' id='word_1_210' title='bbox 444 2541 578 2603; x_wconf 86' lang='lat' dir='ltr'><strong>ambitus</strong></span> <span class='ocrx_word' id='word_1_211' title='bbox 603 2551 693 2602; x_wconf 87' lang='lat' dir='ltr'><strong>aucta</strong></span> <span class='ocrx_word' id='word_1_212' title='bbox 716 2539 808 2602; x_wconf 86' lang='lat' dir='ltr'><strong>etiam</strong></span> <span class='ocrx_word' id='word_1_213' title='bbox 831 2561 901 2603; x_wconf 79' lang='lat' dir='ltr'><strong>etim</strong></span> <span class='ocrx_word' id='word_1_214' title='bbox 920 2562 1023 2625; x_wconf 88' lang='lat' dir='ltr'><strong>poena</strong></span> <span class='ocrx_word' id='word_1_215' title='bbox 1044 2543 1195 2607; x_wconf 83' lang='lat' dir='ltr'><strong>lerretttr.</strong></span> <span class='ocrx_word' id='word_1_216' title='bbox 1240 2543 1303 2609; x_wconf 92' lang='lat' dir='ltr'><strong>Cui</strong></span> <span class='ocrx_word' id='word_1_217' title='bbox 1324 2542 1373 2609; x_wconf 90' lang='lat' dir='ltr'><strong>rei</strong></span> <span class='ocrx_word' id='word_1_218' title='bbox 1393 2566 1463 2611; x_wconf 83' lang='lat' dir='ltr'><strong>cata</strong></span> 
     </span>
     <span class='ocr_line' id='line_1_23' title="bbox 139 2632 1465 2722; baseline 0 -19"><span class='ocrx_word' id='word_1_219' title='bbox 139 2642 184 2722; x_wconf 83' lang='grc'><strong>0.</strong></span> <span class='ocrx_word' id='word_1_220' title='bbox 200 2637 330 2703; x_wconf 84' lang='lat' dir='ltr'><strong>Mucius</strong></span> <span class='ocrx_word' id='word_1_221' title='bbox 347 2632 534 2709; x_wconf 86' lang='lat' dir='ltr'><strong>Orestinus,</strong></span> <span class='ocrx_word' id='word_1_222' title='bbox 560 2633 702 2697; x_wconf 88' lang='lat' dir='ltr'><strong>tribunus</strong></span> <span class='ocrx_word' id='word_1_223' title='bbox 721 2639 779 2716; x_wconf 92' lang='lat' dir='ltr'><strong>pl.,</strong></span> <span class='ocrx_word' id='word_1_224' title='bbox 801 2634 1051 2714; x_wconf 83' lang='lat' dir='ltr'><strong>intercessisset,</strong></span> <span class='ocrx_word' id='word_1_225' title='bbox 1079 2636 1222 2720; x_wconf 84' lang='lat' dir='ltr'><strong>graviter</strong></span> <span class='ocrx_word' id='word_1_226' title='bbox 1242 2650 1353 2702; x_wconf 86' lang='lat' dir='ltr'><strong>senatu</strong></span> <span class='ocrx_word' id='word_1_227' title='bbox 1368 2636 1465 2703; x_wconf 87' lang='lat' dir='ltr'><strong>iuter·</strong></span> 
     </span>
     <span class='ocr_line' id='line_1_24' title="bbox 139 2726 1465 2814; baseline -0.002 -15"><span class='ocrx_word' id='word_1_228' title='bbox 139 2732 313 2799; x_wconf 88' lang='lat' dir='ltr'><strong>cessionem</strong></span> <span class='ocrx_word' id='word_1_229' title='bbox 335 2730 476 2804; x_wconf 86' lang='lat' dir='ltr'><strong>serente,</strong></span> <span class='ocrx_word' id='word_1_230' title='bbox 502 2726 619 2793; x_wconf 88' lang='lat' dir='ltr'><strong>Cicero</strong></span> <span class='ocrx_word' id='word_1_231' title='bbox 643 2730 784 2792; x_wconf 83' lang='lat' dir='ltr'><strong>surrexit</strong></span> <span class='ocrx_word' id='word_1_232' title='bbox 805 2740 899 2814; x_wconf 88' lang='lat' dir='ltr'><strong>atque</strong></span> <span class='ocrx_word' id='word_1_233' title='bbox 919 2727 951 2792; x_wconf 91' lang='lat' dir='ltr'><strong>in</strong></span> <span class='ocrx_word' id='word_1_234' title='bbox 969 2728 1139 2792; x_wconf 83' lang='lat' dir='ltr'><strong>coitionem</strong></span> <span class='ocrx_word' id='word_1_235' title='bbox 1162 2727 1319 2796; x_wconf 86' lang='lat' dir='ltr'><strong>Catilinae</strong></span> <span class='ocrx_word' id='word_1_236' title='bbox 1341 2743 1372 2797; x_wconf 87' lang='lat' dir='ltr'><strong>et</strong></span> <span class='ocrx_word' id='word_1_237' title='bbox 1394 2732 1465 2797; x_wconf 82' lang='lat' dir='ltr'><strong>An·</strong></span> 
     </span>
     <span class='ocr_line' id='line_1_25' title="bbox 138 2822 1466 2909; baseline -0.002 -16"><span class='ocrx_word' id='word_1_238' title='bbox 138 2827 216 2893; x_wconf 91' lang='lat' dir='ltr'><strong>tonii</strong></span> <span class='ocrx_word' id='word_1_239' title='bbox 238 2827 380 2890; x_wconf 84' lang='lat' dir='ltr'><strong>invectus</strong></span> <span class='ocrx_word' id='word_1_240' title='bbox 403 2836 468 2898; x_wconf 87' lang='lat' dir='ltr'><strong>est,</strong></span> <span class='ocrx_word' id='word_1_241' title='bbox 491 2822 598 2884; x_wconf 89' lang='lat' dir='ltr'><strong>habita</strong></span> <span class='ocrx_word' id='word_1_242' title='bbox 620 2825 766 2886; x_wconf 87' lang='lat' dir='ltr'><strong>oratione</strong></span> <span class='ocrx_word' id='word_1_243' title='bbox 786 2824 816 2886; x_wconf 89' lang='lat' dir='ltr'><strong>in</strong></span> <span class='ocrx_word' id='word_1_244' title='bbox 836 2836 912 2909; x_wconf 86' lang='lat' dir='ltr'><strong>toga</strong></span> <span class='ocrx_word' id='word_1_245' title='bbox 932 2822 1076 2887; x_wconf 87' lang='lat' dir='ltr'><strong>candida.</strong></span> <span class='ocrx_word' id='word_1_246' title='bbox 1121 2825 1277 2888; x_wconf 82' lang='lat' dir='ltr'><strong>Utebatttt·</strong></span> <span class='ocrx_word' id='word_1_247' title='bbox 1296 2823 1380 2889; x_wconf 86' lang='lat' dir='ltr'><strong>enitu</strong></span> <span class='ocrx_word' id='word_1_248' title='bbox 1401 2824 1466 2890; x_wconf 84' lang='lat' dir='ltr'><strong>laoe</strong></span> 
     </span>
     <span class='ocr_line' id='line_1_26' title="bbox 138 2915 1485 3007; baseline -0.004 -22"><span class='ocrx_word' id='word_1_249' title='bbox 138 2934 282 3006; x_wconf 85' lang='lat' dir='ltr'><strong>tempore</strong></span> <span class='ocrx_word' id='word_1_250' title='bbox 304 2915 518 3002; x_wconf 84' lang='lat' dir='ltr'><strong>magistratum</strong></span> <span class='ocrx_word' id='word_1_251' title='bbox 542 2928 652 2998; x_wconf 85' lang='lat' dir='ltr'><strong>petens</strong></span> <span class='ocrx_word' id='word_1_252' title='bbox 676 2918 809 2980; x_wconf 88' lang='lat' dir='ltr'><strong>candida</strong></span> <span class='ocrx_word' id='word_1_253' title='bbox 834 2932 930 3003; x_wconf 82' lang='lat' dir='ltr'><strong>toga,</strong></span> <span class='ocrx_word' id='word_1_254' title='bbox 963 2938 1056 3002; x_wconf 89' lang='lat' dir='ltr'><strong>quam</strong></span> <span class='ocrx_word' id='word_1_255' title='bbox 1079 2917 1235 2998; x_wconf 86' lang='lat' dir='ltr'><strong>Polybius</strong></span> <span class='ocrx_word' id='word_1_256' title='bbox 1258 2918 1315 2983; x_wconf 91' lang='lat' dir='ltr'><strong>lib.</strong></span> <span class='ocrx_word' id='word_1_257' title='bbox 1335 2918 1386 2984; x_wconf 81' lang='lat' dir='ltr'><strong>X.</strong></span> <span class='ocrx_word' id='word_1_258' title='bbox 1407 2916 1485 3007; x_wconf 67' lang='grc' dir='ltr'><strong>εὴ.</strong></span> 
     </span>
     <span class='ocr_line' id='line_1_27' title="bbox 137 3008 1466 3102; baseline -0.003 -19"><span class='ocrx_word' id='word_1_259' title='bbox 137 3019 257 3102; x_wconf 68' lang='lat' dir='ltr'><strong>,iernen</strong></span> <span class='ocrx_word' id='word_1_260' title='bbox 275 3008 428 3100; x_wconf 78' lang='grc' dir='ltr'><em>λαμπρὰν</em></span> <span class='ocrx_word' id='word_1_261' title='bbox 445 3009 596 3076; x_wconf 91' lang='lat' dir='ltr'><strong>nominat.</strong></span> <span class='ocrx_word' id='word_1_262' title='bbox 633 3013 712 3074; x_wconf 87' lang='lat' dir='ltr'><strong>Eam</strong></span> <span class='ocrx_word' id='word_1_263' title='bbox 733 3011 927 3086; x_wconf 89' lang='lat' dir='ltr'><strong>orationem,</strong></span> <span class='ocrx_word' id='word_1_264' title='bbox 951 3010 1041 3074; x_wconf 90' lang='lat' dir='ltr'><strong>cuins</strong></span> <span class='ocrx_word' id='word_1_265' title='bbox 1060 3011 1238 3095; x_wconf 80' lang='lat' dir='ltr'><strong>fragmenta</strong></span> <span class='ocrx_word' id='word_1_266' title='bbox 1258 3018 1343 3098; x_wconf 88' lang='lat' dir='ltr'><strong>apud</strong></span> <span class='ocrx_word' id='word_1_267' title='bbox 1358 3016 1466 3085; x_wconf 80' lang='lat' dir='ltr'><strong>Aneo-</strong></span> 
     </span>
     <span class='ocr_line' id='line_1_28' title="bbox 138 3103 1467 3194; baseline 0.001 -19"><span class='ocrx_word' id='word_1_268' title='bbox 138 3111 222 3175; x_wconf 90' lang='lat' dir='ltr'><strong>nittm</strong></span> <span class='ocrx_word' id='word_1_269' title='bbox 244 3117 386 3180; x_wconf 82' lang='lat' dir='ltr'><strong>exstant,</strong></span> <span class='ocrx_word' id='word_1_270' title='bbox 417 3103 602 3186; x_wconf 85' lang='lat' dir='ltr'><strong>Quintilian.</strong></span> <span class='ocrx_word' id='word_1_271' title='bbox 628 3104 684 3168; x_wconf 92' lang='lat' dir='ltr'><strong>lib.</strong></span> <span class='ocrx_word' id='word_1_272' title='bbox 705 3105 770 3169; x_wconf 91' lang='lat' dir='ltr'><strong>lll.</strong></span> <span class='ocrx_word' id='word_1_273' title='bbox 795 3128 866 3188; x_wconf 88' lang='lat' dir='ltr'><strong>cap.</strong></span> <span class='ocrx_word' id='word_1_274' title='bbox 887 3107 919 3171; x_wconf 84' lang='lat'><strong>9.</strong></span> <span class='ocrx_word' id='word_1_275' title='bbox 943 3118 1038 3169; x_wconf 82' lang='lat' dir='ltr'><strong>vocat</strong></span> <span class='ocrx_word' id='word_1_276' title='bbox 1060 3107 1185 3170; x_wconf 85' lang='lat' dir='ltr'><strong>librum</strong></span> <span class='ocrx_word' id='word_1_277' title='bbox 1205 3106 1241 3169; x_wconf 84' lang='lat' dir='ltr'><strong>in</strong></span> <span class='ocrx_word' id='word_1_278' title='bbox 1263 3110 1467 3194; x_wconf 73' lang='lat' dir='ltr'><strong>competito-</strong></span> 
     </span>
     <span class='ocr_line' id='line_1_29' title="bbox 138 3197 1464 3286; baseline 0 -19"><span class='ocrx_word' id='word_1_279' title='bbox 138 3224 211 3278; x_wconf 88' lang='lat' dir='ltr'><strong>res,</strong></span> <span class='ocrx_word' id='word_1_280' title='bbox 236 3222 326 3286; x_wconf 87' lang='lat' dir='ltr'><strong>quem</strong></span> <span class='ocrx_word' id='word_1_281' title='bbox 348 3197 612 3280; x_wconf 88' lang='lat' dir='ltr'><strong>vituperationem</strong></span> <span class='ocrx_word' id='word_1_282' title='bbox 633 3199 796 3263; x_wconf 91' lang='lat' dir='ltr'><strong>continere</strong></span> <span class='ocrx_word' id='word_1_283' title='bbox 819 3201 862 3262; x_wconf 88' lang='lat' dir='ltr'><strong>ait</strong></span> <span class='ocrx_word' id='word_1_284' title='bbox 880 3211 912 3264; x_wconf 90' lang='lat' dir='ltr'><strong>ct</strong></span> <span class='ocrx_word' id='word_1_285' title='bbox 930 3212 1030 3262; x_wconf 86' lang='lat' dir='ltr'><strong>tanteu</strong></span> <span class='ocrx_word' id='word_1_286' title='bbox 1052 3199 1083 3263; x_wconf 93' lang='lat' dir='ltr'><strong>in</strong></span> <span class='ocrx_word' id='word_1_287' title='bbox 1103 3213 1211 3264; x_wconf 88' lang='lat' dir='ltr'><strong>senatu</strong></span> <span class='ocrx_word' id='word_1_288' title='bbox 1236 3223 1305 3266; x_wconf 87' lang='lat' dir='ltr'><strong>esse</strong></span> <span class='ocrx_word' id='word_1_289' title='bbox 1322 3202 1464 3269; x_wconf 85' lang='lat' dir='ltr'><strong>habitum</strong></span> 
     </span>
     <span class='ocr_line' id='line_1_30' title="bbox 138 3292 1467 3378; baseline 0.003 -18"><span class='ocrx_word' id='word_1_290' title='bbox 138 3299 212 3361; x_wconf 91' lang='lat' dir='ltr'><strong>loeo</strong></span> <span class='ocrx_word' id='word_1_291' title='bbox 234 3293 418 3359; x_wconf 90' lang='lat' dir='ltr'><strong>sententiae.</strong></span> <span class='ocrx_word' id='word_1_292' title='bbox 463 3292 626 3368; x_wconf 90' lang='lat' dir='ltr'><strong>Catilina,</strong></span> <span class='ocrx_word' id='word_1_293' title='bbox 659 3293 719 3355; x_wconf 89' lang='lat' dir='ltr'><strong>iam</strong></span> <span class='ocrx_word' id='word_1_294' title='bbox 742 3293 929 3357; x_wconf 88' lang='lat' dir='ltr'><strong>convocatis</strong></span> <span class='ocrx_word' id='word_1_295' title='bbox 950 3293 1008 3368; x_wconf 90' lang='lat' dir='ltr'><strong>iis,</strong></span> <span class='ocrx_word' id='word_1_296' title='bbox 1040 3295 1154 3378; x_wconf 90' lang='lat' dir='ltr'><strong>quibus</strong></span> <span class='ocrx_word' id='word_1_297' title='bbox 1177 3295 1309 3359; x_wconf 76' lang='lat' dir='ltr'><strong>inanima</strong></span> <span class='ocrx_word' id='word_1_298' title='bbox 1329 3296 1467 3363; x_wconf 61' lang='lat' dir='ltr'><strong>aenei</strong></span> 
     </span>
     <span class='ocr_line' id='line_1_31' title="bbox 139 3384 1468 3479; baseline 0.002 -25"><span class='ocrx_word' id='word_1_299' title='bbox 139 3394 214 3454; x_wconf 91' lang='lat' dir='ltr'><strong>tudo</strong></span> <span class='ocrx_word' id='word_1_300' title='bbox 230 3401 261 3452; x_wconf 90' lang='lat' dir='ltr'><strong>et</strong></span> <span class='ocrx_word' id='word_1_301' title='bbox 277 3387 443 3471; x_wconf 88' lang='lat' dir='ltr'><strong>plttrittnttn</strong></span> <span class='ocrx_word' id='word_1_302' title='bbox 461 3387 608 3450; x_wconf 84' lang='lat' dir='ltr'><strong>audaciae·</strong></span> <span class='ocrx_word' id='word_1_303' title='bbox 628 3385 744 3462; x_wconf 88' lang='lat' dir='ltr'><strong>inerat,</strong></span> <span class='ocrx_word' id='word_1_304' title='bbox 770 3387 934 3450; x_wconf 88' lang='lat' dir='ltr'><strong>consilinm</strong></span> <span class='ocrx_word' id='word_1_305' title='bbox 955 3410 1043 3451; x_wconf 89' lang='lat' dir='ltr'><strong>suum</strong></span> <span class='ocrx_word' id='word_1_306' title='bbox 1064 3402 1278 3472; x_wconf 69' lang='lat' dir='ltr'><strong>exposueritis</strong></span> <span class='ocrx_word' id='word_1_307' title='bbox 1301 3384 1391 3478; x_wconf 73' lang='lat' dir='ltr'><strong>quoii</strong></span> <span class='ocrx_word' id='word_1_308' title='bbox 1408 3414 1468 3479; x_wconf 86' lang='lat' dir='ltr'><strong>pet·</strong></span> 
     </span>
     <span class='ocr_line' id='line_1_32' title="bbox 139 3479 1466 3565; baseline 0.003 -16"><span class='ocrx_word' id='word_1_309' title='bbox 139 3482 284 3549; x_wconf 79' lang='lat' dir='ltr'><strong>Fulviam</strong></span> <span class='ocrx_word' id='word_1_310' title='bbox 305 3480 335 3544; x_wconf 92' lang='lat' dir='ltr'><strong>in</strong></span> <span class='ocrx_word' id='word_1_311' title='bbox 359 3480 475 3565; x_wconf 79' lang='lat' dir='ltr'><strong>volgus</strong></span> <span class='ocrx_word' id='word_1_312' title='bbox 500 3482 659 3562; x_wconf 89' lang='lat' dir='ltr'><strong>prolatum</strong></span> <span class='ocrx_word' id='word_1_313' title='bbox 683 3479 713 3542; x_wconf 92' lang='lat' dir='ltr'><strong>in</strong></span> <span class='ocrx_word' id='word_1_314' title='bbox 739 3481 848 3561; x_wconf 88' lang='lat' dir='ltr'><strong>primis</strong></span> <span class='ocrx_word' id='word_1_315' title='bbox 868 3484 968 3546; x_wconf 87' lang='lat' dir='ltr'><strong>studia</strong></span> <span class='ocrx_word' id='word_1_316' title='bbox 989 3484 1148 3548; x_wconf 83' lang='lat' dir='ltr'><strong>laotnintttn</strong></span> <span class='ocrx_word' id='word_1_317' title='bbox 1167 3485 1310 3550; x_wconf 85' lang='lat' dir='ltr'><strong>accendit</strong></span> <span class='ocrx_word' id='word_1_318' title='bbox 1329 3488 1369 3551; x_wconf 87' lang='lat' dir='ltr'><strong>ad</strong></span> <span class='ocrx_word' id='word_1_319' title='bbox 1387 3508 1466 3555; x_wconf 80' lang='lat' dir='ltr'><strong>eon·</strong></span> 
     </span>
     <span class='ocr_line' id='line_1_33' title="bbox 137 3570 1467 3661; baseline 0.001 -19"><span class='ocrx_word' id='word_1_320' title='bbox 137 3578 272 3643; x_wconf 86' lang='lat' dir='ltr'><strong>sulatum</strong></span> <span class='ocrx_word' id='word_1_321' title='bbox 294 3575 498 3636; x_wconf 88' lang='lat' dir='ltr'><strong>mandandum</strong></span> <span class='ocrx_word' id='word_1_322' title='bbox 522 3574 573 3636; x_wconf 88' lang='grc' dir='ltr'><strong>Μ.</strong></span> <span class='ocrx_word' id='word_1_323' title='bbox 591 3572 700 3637; x_wconf 82' lang='lat' dir='ltr'><strong>&#39;l&#39;ttllio</strong></span> <span class='ocrx_word' id='word_1_324' title='bbox 718 3570 885 3648; x_wconf 88' lang='lat' dir='ltr'><strong>Ciceroni;</strong></span> <span class='ocrx_word' id='word_1_325' title='bbox 911 3588 944 3640; x_wconf 91' lang='lat' dir='ltr'><strong>ut</strong></span> <span class='ocrx_word' id='word_1_326' title='bbox 966 3577 1083 3641; x_wconf 88' lang='lat' dir='ltr'><strong>Salttst.</strong></span> <span class='ocrx_word' id='word_1_327' title='bbox 1101 3577 1198 3643; x_wconf 86' lang='lat' dir='ltr'><strong>Catil.</strong></span> <span class='ocrx_word' id='word_1_328' title='bbox 1220 3600 1293 3661; x_wconf 87' lang='lat' dir='ltr'><strong>cap.</strong></span> <span class='ocrx_word' id='word_1_329' title='bbox 1310 3579 1366 3645; x_wconf 81' lang='grc'><strong>23.</strong></span> <span class='ocrx_word' id='word_1_330' title='bbox 1384 3582 1467 3647; x_wconf 80' lang='lat' dir='ltr'><strong>aet-i·</strong></span> 
     </span>
    </p>
   </div>
   <div class='ocr_carea' id='block_1_7' title="bbox 11 3663 1468 3755">
    <p class='ocr_par' dir='ltr' id='par_1_7' title="bbox 11 3663 1468 3755">
     <span class='ocr_line' id='line_1_34' title="bbox 11 3663 1468 3755; baseline 0.004 -20"><span class='ocrx_word' id='word_1_331' title='bbox 11 3682 14 3689; x_wconf 86' lang='lat'>&#39;</span> <span class='ocrx_word' id='word_1_332' title='bbox 92 3663 93 3667; x_wconf 26' lang='lat'>¹</span> <span class='ocrx_word' id='word_1_333' title='bbox 138 3671 215 3735; x_wconf 87' lang='lat' dir='ltr'><strong>bit.·</strong></span> <span class='ocrx_word' id='word_1_334' title='bbox 241 3673 380 3752; x_wconf 78' lang='lat' dir='ltr'><strong>ltaque,</strong></span> <span class='ocrx_word' id='word_1_335' title='bbox 413 3667 455 3730; x_wconf 85' lang='lat' dir='ltr'><strong>ait</strong></span> <span class='ocrx_word' id='word_1_336' title='bbox 474 3666 634 3730; x_wconf 80' lang='lat' dir='ltr'><strong>Asconius</strong></span> <span class='ocrx_word' id='word_1_337' title='bbox 663 3666 694 3728; x_wconf 90' lang='lat' dir='ltr'><strong>itt</strong></span> <span class='ocrx_word' id='word_1_338' title='bbox 723 3688 774 3730; x_wconf 87' lang='lat' dir='ltr'><strong>or.</strong></span> <span class='ocrx_word' id='word_1_339' title='bbox 798 3668 827 3731; x_wconf 93' lang='lat' dir='ltr'><strong>in</strong></span> <span class='ocrx_word' id='word_1_340' title='bbox 847 3671 945 3755; x_wconf 71' lang='lat' dir='ltr'><strong>Toga</strong></span> <span class='ocrx_word' id='word_1_341' title='bbox 964 3673 1055 3736; x_wconf 86' lang='lat' dir='ltr'><strong>caud.</strong></span> <span class='ocrx_word' id='word_1_342' title='bbox 1074 3684 1181 3747; x_wconf 66' lang='lat' dir='ltr'><strong>extu,</strong></span> <span class='ocrx_word' id='word_1_343' title='bbox 1205 3673 1327 3739; x_wconf 87' lang='lat' dir='ltr'><strong>Cicero</strong></span> <span class='ocrx_word' id='word_1_344' title='bbox 1346 3676 1468 3741; x_wconf 83' lang='lat' dir='ltr'><strong>eonattl</strong></span> 
     </span>
    </p>
   </div>
   <div class='ocr_carea' id='block_1_8' title="bbox 137 3758 1467 3942">
    <p class='ocr_par' dir='ltr' id='par_1_8' title="bbox 137 3758 1467 3942">
     <span class='ocr_line' id='line_1_35' title="bbox 137 3758 1467 3850; baseline 0.002 -19"><span class='ocrx_word' id='word_1_345' title='bbox 137 3762 289 3831; x_wconf 86' lang='lat' dir='ltr'><strong>omnium</strong></span> <span class='ocrx_word' id='word_1_346' title='bbox 311 3780 479 3825; x_wconf 86' lang='lat' dir='ltr'><strong>consensu</strong></span> <span class='ocrx_word' id='word_1_347' title='bbox 488 3758 618 3850; x_wconf 79' lang='lat' dir='ltr'><strong>socius</strong></span> <span class='ocrx_word' id='word_1_348' title='bbox 641 3772 710 3835; x_wconf 84' lang='lat' dir='ltr'><strong>esi;</strong></span> <span class='ocrx_word' id='word_1_349' title='bbox 733 3763 905 3828; x_wconf 84' lang='lat' dir='ltr'><strong>Antonius</strong></span> <span class='ocrx_word' id='word_1_350' title='bbox 926 3766 1082 3848; x_wconf 81' lang='lat' dir='ltr'><strong>potaculis</strong></span> <span class='ocrx_word' id='word_1_351' title='bbox 1103 3766 1268 3829; x_wconf 84' lang='lat' dir='ltr'><strong>centuriis</strong></span> <span class='ocrx_word' id='word_1_352' title='bbox 1279 3766 1467 3843; x_wconf 74' lang='lat' dir='ltr'><strong>Catilinam</strong></span> 
     </span>
     <span class='ocr_line' id='line_1_36' title="bbox 137 3854 1467 3942; baseline 0.002 -20"><span class='ocrx_word' id='word_1_353' title='bbox 137 3857 323 3942; x_wconf 77' lang='lat' dir='ltr'><strong>superauit.</strong></span> <span class='ocrx_word' id='word_1_354' title='bbox 368 3856 412 3919; x_wconf 91' lang='lat' dir='ltr'><strong>Et</strong></span> <span class='ocrx_word' id='word_1_355' title='bbox 435 3854 553 3936; x_wconf 88' lang='lat' dir='ltr'><strong>ipsein</strong></span> <span class='ocrx_word' id='word_1_356' title='bbox 576 3854 726 3919; x_wconf 88' lang='lat' dir='ltr'><strong>Pisonem</strong></span> <span class='ocrx_word' id='word_1_357' title='bbox 750 3877 821 3936; x_wconf 89' lang='lat' dir='ltr'><strong>cap.</strong></span> <span class='ocrx_word' id='word_1_358' title='bbox 845 3860 875 3919; x_wconf 83' lang='lat'><strong>1.</strong></span> <span class='ocrx_word' id='word_1_359' title='bbox 907 3861 968 3925; x_wconf 91' lang='lat' dir='ltr'><strong>Me</strong></span> <span class='ocrx_word' id='word_1_360' title='bbox 986 3871 1108 3922; x_wconf 86' lang='lat' dir='ltr'><strong>cuneta</strong></span> <span class='ocrx_word' id='word_1_361' title='bbox 1124 3861 1245 3935; x_wconf 83' lang='lat' dir='ltr'><strong>ltalia,</strong></span> <span class='ocrx_word' id='word_1_362' title='bbox 1269 3881 1324 3923; x_wconf 89' lang='lat' dir='ltr'><strong>me</strong></span> <span class='ocrx_word' id='word_1_363' title='bbox 1346 3880 1467 3927; x_wconf 84' lang='lat' dir='ltr'><strong>ornnes</strong></span> 
     </span>
    </p>
   </div>
   <div class='ocr_carea' id='block_1_9' title="bbox 191 3956 440 3968">
    <p class='ocr_par' dir='ltr' id='par_1_9' title="bbox 191 3956 440 3968">
     <span class='ocr_line' id='line_1_37' title="bbox 191 3956 440 3968; baseline -0.008 0"><span class='ocrx_word' id='word_1_364' title='bbox 191 3959 261 3968; x_wconf 70' lang='lat' dir='ltr'><strong>..o-.-</strong></span> <span class='ocrx_word' id='word_1_365' title='bbox 279 3958 322 3967; x_wconf 64' lang='grc' dir='ltr'><strong>ω.-</strong></span> <span class='ocrx_word' id='word_1_366' title='bbox 327 3956 440 3965; x_wconf 66' lang='grc' dir='ltr'><strong>-ι--ο-</strong></span> 
     </span>
    </p>
   </div>
   <div class='ocr_carea' id='block_1_10' title="bbox 137 3981 1488 4882">
    <p class='ocr_par' dir='ltr' id='par_1_10' title="bbox 137 3981 1488 4882">
     <span class='ocr_line' id='line_1_38' title="bbox 137 3981 1467 4059; baseline 0.005 -20"><span class='ocrx_word' id='word_1_367' title='bbox 137 3989 241 4053; x_wconf 80' lang='lat' dir='ltr'><strong>tubere,</strong></span> <span class='ocrx_word' id='word_1_368' title='bbox 259 3986 302 4039; x_wconf 85' lang='lat' dir='ltr'><strong>his</strong></span> <span class='ocrx_word' id='word_1_369' title='bbox 313 3984 475 4039; x_wconf 76' lang='lat' dir='ltr'><strong>Catilinam.</strong></span> <span class='ocrx_word' id='word_1_370' title='bbox 516 3981 559 4035; x_wconf 79' lang='lat' dir='ltr'><strong>nd</strong></span> <span class='ocrx_word' id='word_1_371' title='bbox 578 3984 828 4053; x_wconf 78' lang='lat' dir='ltr'><strong>quaeMauutius,</strong></span> <span class='ocrx_word' id='word_1_372' title='bbox 848 4001 902 4052; x_wconf 75' lang='lat' dir='ltr'><strong>ego</strong></span> <span class='ocrx_word' id='word_1_373' title='bbox 922 3993 1031 4047; x_wconf 78' lang='lat' dir='ltr'><strong>temen.</strong></span> <span class='ocrx_word' id='word_1_374' title='bbox 1052 3992 1159 4059; x_wconf 82' lang='lat' dir='ltr'><strong>lnquit,</strong></span> <span class='ocrx_word' id='word_1_375' title='bbox 1181 4004 1223 4041; x_wconf 86' lang='lat' dir='ltr'><strong>ter</strong></span> <span class='ocrx_word' id='word_1_376' title='bbox 1241 3989 1467 4045; x_wconf 80' lang='lat' dir='ltr'><strong>absoiaitraaCa·</strong></span> 
     </span>
     <span class='ocr_line' id='line_1_39' title="bbox 138 4057 1488 4137; baseline 0.004 -22"><span class='ocrx_word' id='word_1_377' title='bbox 138 4062 246 4115; x_wconf 87' lang='lat' dir='ltr'><strong>tllluarn</strong></span> <span class='ocrx_word' id='word_1_378' title='bbox 265 4065 384 4113; x_wconf 79' lang='lat' dir='ltr'><strong>invenio.</strong></span> <span class='ocrx_word' id='word_1_379' title='bbox 403 4088 441 4100; x_wconf 93' lang='lat'><em>-</em></span> <span class='ocrx_word' id='word_1_380' title='bbox 460 4057 493 4109; x_wconf 88' lang='lat' dir='ltr'><strong>de</strong></span> <span class='ocrx_word' id='word_1_381' title='bbox 512 4058 602 4109; x_wconf 82' lang='lat' dir='ltr'><strong>tribus</strong></span> <span class='ocrx_word' id='word_1_382' title='bbox 621 4057 839 4110; x_wconf 82' lang='lat' dir='ltr'><strong>absolutionibus</strong></span> <span class='ocrx_word' id='word_1_383' title='bbox 863 4078 947 4112; x_wconf 84' lang='lat' dir='ltr'><strong>unum</strong></span> <span class='ocrx_word' id='word_1_384' title='bbox 967 4068 1088 4128; x_wconf 68' lang='lat' dir='ltr'><strong>omitit,</strong></span> <span class='ocrx_word' id='word_1_385' title='bbox 1112 4069 1277 4116; x_wconf 84' lang='lat' dir='ltr'><strong>incrimine</strong></span> <span class='ocrx_word' id='word_1_386' title='bbox 1295 4069 1404 4119; x_wconf 68' lang='lat' dir='ltr'><strong>setim</strong></span> <span class='ocrx_word' id='word_1_387' title='bbox 1421 4071 1488 4137; x_wconf 66' lang='lat'><strong>103¹</strong></span> 
     </span>
     <span class='ocr_line' id='line_1_40' title="bbox 138 4132 1466 4209; baseline 0.003 -20"><span class='ocrx_word' id='word_1_388' title='bbox 138 4145 245 4201; x_wconf 76' lang='lat' dir='ltr'><strong>uritis,</strong></span> <span class='ocrx_word' id='word_1_389' title='bbox 270 4154 303 4187; x_wconf 88' lang='lat' dir='ltr'><strong>ne</strong></span> <span class='ocrx_word' id='word_1_390' title='bbox 323 4135 442 4199; x_wconf 78' lang='lat' dir='ltr'><strong>Fabiae,</strong></span> <span class='ocrx_word' id='word_1_391' title='bbox 470 4132 634 4196; x_wconf 78' lang='lat' dir='ltr'><strong>Terentiae,</strong></span> <span class='ocrx_word' id='word_1_392' title='bbox 662 4139 762 4185; x_wconf 72' lang='lat' dir='ltr'><strong>tenoris</strong></span> <span class='ocrx_word' id='word_1_393' title='bbox 785 4152 851 4186; x_wconf 77' lang='lat' dir='ltr'><strong>areae</strong></span> <span class='ocrx_word' id='word_1_394' title='bbox 876 4142 984 4202; x_wconf 82' lang='lat' dir='ltr'><strong>sorori,</strong></span> <span class='ocrx_word' id='word_1_395' title='bbox 1015 4146 1124 4208; x_wconf 77' lang='lat' dir='ltr'><strong>tterpern</strong></span> <span class='ocrx_word' id='word_1_396' title='bbox 1148 4138 1340 4209; x_wconf 76' lang='lat' dir='ltr'><strong>impudicitiae</strong></span> <span class='ocrx_word' id='word_1_397' title='bbox 1366 4148 1466 4193; x_wconf 69' lang='lat' dir='ltr'><strong>mian</strong></span> 
     </span>
     <span class='ocr_line' id='line_1_41' title="bbox 138 4207 1468 4283; baseline 0.007 -21"><span class='ocrx_word' id='word_1_398' title='bbox 138 4215 272 4264; x_wconf 77' lang='lat' dir='ltr'><strong>Intererat.</strong></span> <span class='ocrx_word' id='word_1_399' title='bbox 310 4209 407 4264; x_wconf 85' lang='lat' dir='ltr'><strong>Noluit</strong></span> <span class='ocrx_word' id='word_1_400' title='bbox 434 4207 570 4262; x_wconf 81' lang='lat' dir='ltr'><strong>Catilinae</strong></span> <span class='ocrx_word' id='word_1_401' title='bbox 597 4207 729 4261; x_wconf 82' lang='lat' dir='ltr'><strong>invidiam</strong></span> <span class='ocrx_word' id='word_1_402' title='bbox 756 4225 820 4263; x_wconf 85' lang='lat' dir='ltr'><strong>ctam</strong></span> <span class='ocrx_word' id='word_1_403' title='bbox 847 4227 959 4263; x_wconf 86' lang='lat' dir='ltr'><strong>suorum</strong></span> <span class='ocrx_word' id='word_1_404' title='bbox 987 4217 1138 4283; x_wconf 77' lang='lat' dir='ltr'><strong>ignotnlnia</strong></span> <span class='ocrx_word' id='word_1_405' title='bbox 1170 4212 1269 4268; x_wconf 85' lang='lat' dir='ltr'><strong>lacere.</strong></span> <span class='ocrx_word' id='word_1_406' title='bbox 1287 4246 1314 4262; x_wconf 89' lang='lat'><strong>.-</strong></span> <span class='ocrx_word' id='word_1_407' title='bbox 1341 4247 1361 4259; x_wconf 93' lang='lat'>-</span> <span class='ocrx_word' id='word_1_408' title='bbox 1385 4216 1468 4271; x_wconf 80' lang='lat' dir='ltr'><strong>Mese</strong></span> 
     </span>
     <span class='ocr_line' id='line_1_42' title="bbox 139 4281 1465 4365; baseline 0.005 -27"><span class='ocrx_word' id='word_1_409' title='bbox 139 4290 292 4339; x_wconf 70' lang='lat' dir='ltr'><strong>sententiae</strong></span> <span class='ocrx_word' id='word_1_410' title='bbox 312 4301 437 4339; x_wconf 78' lang='lat' dir='ltr'><strong>auctores</strong></span> <span class='ocrx_word' id='word_1_411' title='bbox 452 4281 540 4336; x_wconf 86' lang='lat' dir='ltr'><strong>babeo</strong></span> <span class='ocrx_word' id='word_1_412' title='bbox 553 4283 734 4336; x_wconf 67' lang='lat' dir='ltr'><strong>fenestellam</strong></span> <span class='ocrx_word' id='word_1_413' title='bbox 754 4299 797 4347; x_wconf 81' lang='lat' dir='ltr'><strong>et,</strong></span> <span class='ocrx_word' id='word_1_414' title='bbox 819 4288 891 4357; x_wconf 87' lang='lat' dir='ltr'><strong>quod</strong></span> <span class='ocrx_word' id='word_1_415' title='bbox 904 4287 992 4340; x_wconf 85' lang='lat' dir='ltr'><strong>multo</strong></span> <span class='ocrx_word' id='word_1_416' title='bbox 1006 4294 1167 4359; x_wconf 72' lang='lat' dir='ltr'><strong>mugirent,</strong></span> <span class='ocrx_word' id='word_1_417' title='bbox 1184 4289 1349 4343; x_wconf 83' lang='lat' dir='ltr'><strong>Ciceronem</strong></span> <span class='ocrx_word' id='word_1_418' title='bbox 1364 4299 1465 4365; x_wconf 72' lang='lat' dir='ltr'><strong>ipsam.</strong></span> 
     </span>
     <span class='ocr_line' id='line_1_43' title="bbox 139 4358 1466 4432; baseline 0.005 -20"><span class='ocrx_word' id='word_1_419' title='bbox 139 4360 214 4421; x_wconf 79' lang='lat' dir='ltr'><strong>iios,</strong></span> <span class='ocrx_word' id='word_1_420' title='bbox 236 4364 327 4430; x_wconf 84' lang='lat' dir='ltr'><strong>lnquit</strong></span> <span class='ocrx_word' id='word_1_421' title='bbox 346 4358 399 4426; x_wconf 85' lang='lat' dir='ltr'><strong>(ad</strong></span> <span class='ocrx_word' id='word_1_422' title='bbox 420 4364 503 4413; x_wconf 72' lang='lat' dir='ltr'><strong>artie.</strong></span> <span class='ocrx_word' id='word_1_423' title='bbox 524 4360 555 4424; x_wconf 89' lang='lat' dir='ltr'><strong>l,</strong></span> <span class='ocrx_word' id='word_1_424' title='bbox 575 4360 625 4431; x_wconf 84' lang='lat' dir='ltr'><strong>Ep.</strong></span> <span class='ocrx_word' id='word_1_425' title='bbox 646 4359 695 4432; x_wconf 80' lang='grc'><strong>2.),</strong></span> <span class='ocrx_word' id='word_1_426' title='bbox 715 4368 838 4430; x_wconf 76' lang='lat' dir='ltr'><strong>tempore</strong></span> <span class='ocrx_word' id='word_1_427' title='bbox 866 4367 948 4423; x_wconf 86' lang='lat' dir='ltr'><strong>(natn</strong></span> <span class='ocrx_word' id='word_1_428' title='bbox 969 4363 1100 4417; x_wconf 82' lang='lat' dir='ltr'><strong>iudicium</strong></span> <span class='ocrx_word' id='word_1_429' title='bbox 1120 4362 1235 4429; x_wconf 87' lang='lat' dir='ltr'><strong>aderat)</strong></span> <span class='ocrx_word' id='word_1_430' title='bbox 1256 4365 1410 4418; x_wconf 73' lang='lat' dir='ltr'><strong>caetum</strong></span> <span class='ocrx_word' id='word_1_431' title='bbox 1429 4394 1466 4411; x_wconf 90' lang='lat'><em>-</em></span> 
     </span>
     <span class='ocr_line' id='line_1_44' title="bbox 137 4430 1463 4514; baseline 0.007 -28"><span class='ocrx_word' id='word_1_432' title='bbox 137 4430 291 4502; x_wconf 79' lang='lat' dir='ltr'><strong>defendere</strong></span> <span class='ocrx_word' id='word_1_433' title='bbox 316 4441 483 4500; x_wconf 69' lang='lat' dir='ltr'><strong>cogitamus.</strong></span> <span class='ocrx_word' id='word_1_434' title='bbox 521 4433 613 4487; x_wconf 82' lang='lat' dir='ltr'><strong>Etiam</strong></span> <span class='ocrx_word' id='word_1_435' title='bbox 641 4438 755 4488; x_wconf 82' lang='lat' dir='ltr'><strong>reiectio</strong></span> <span class='ocrx_word' id='word_1_436' title='bbox 783 4434 904 4488; x_wconf 80' lang='lat' dir='ltr'><strong>iudicum</strong></span> <span class='ocrx_word' id='word_1_437' title='bbox 932 4443 986 4489; x_wconf 83' lang='lat' dir='ltr'><strong>ium</strong></span> <span class='ocrx_word' id='word_1_438' title='bbox 1011 4454 1069 4491; x_wconf 87' lang='lat' dir='ltr'><strong>erut</strong></span> <span class='ocrx_word' id='word_1_439' title='bbox 1089 4438 1172 4492; x_wconf 84' lang='lat' dir='ltr'><strong>saeta.</strong></span> <span class='ocrx_word' id='word_1_440' title='bbox 1211 4441 1336 4504; x_wconf 83' lang='lat' dir='ltr'><strong>Iudices,</strong></span> <span class='ocrx_word' id='word_1_441' title='bbox 1363 4445 1463 4514; x_wconf 54' lang='lat' dir='ltr'><strong>inqut,</strong></span> 
     </span>
     <span class='ocr_line' id='line_1_45' title="bbox 139 4509 1463 4586; baseline 0.008 -26"><span class='ocrx_word' id='word_1_442' title='bbox 139 4509 287 4574; x_wconf 83' lang='lat' dir='ltr'><strong>babemus,</strong></span> <span class='ocrx_word' id='word_1_443' title='bbox 301 4513 373 4579; x_wconf 50' lang='lat' dir='ltr'><strong>pros</strong></span> <span class='ocrx_word' id='word_1_444' title='bbox 392 4509 542 4573; x_wconf 80' lang='lat' dir='ltr'><strong>voluimus,</strong></span> <span class='ocrx_word' id='word_1_445' title='bbox 561 4527 668 4560; x_wconf 80' lang='lat' dir='ltr'><strong>sternma</strong></span> <span class='ocrx_word' id='word_1_446' title='bbox 687 4516 861 4561; x_wconf 79' lang='lat' dir='ltr'><strong>accusatoris</strong></span> <span class='ocrx_word' id='word_1_447' title='bbox 880 4512 1033 4567; x_wconf 83' lang='lat' dir='ltr'><strong>uoitsntote.</strong></span> <span class='ocrx_word' id='word_1_448' title='bbox 1074 4514 1189 4569; x_wconf 79' lang='lat' dir='ltr'><strong>volente</strong></span> <span class='ocrx_word' id='word_1_449' title='bbox 1209 4533 1298 4586; x_wconf 84' lang='lat' dir='ltr'><strong>neque</strong></span> <span class='ocrx_word' id='word_1_450' title='bbox 1318 4530 1463 4571; x_wconf 71' lang='lat' dir='ltr'><strong>mcuaaata</strong></span> 
     </span>
     <span class='ocr_line' id='line_1_46' title="bbox 140 4582 1461 4662; baseline 0.004 -23"><span class='ocrx_word' id='word_1_451' title='bbox 140 4589 170 4639; x_wconf 83' lang='grc' dir='ltr'><strong>Ρ.</strong></span> <span class='ocrx_word' id='word_1_452' title='bbox 190 4582 289 4636; x_wconf 81' lang='lat' dir='ltr'><strong>Cloelio</strong></span> <span class='ocrx_word' id='word_1_453' title='bbox 311 4598 470 4638; x_wconf 85' lang='lat' dir='ltr'><strong>accusatore</strong></span> <span class='ocrx_word' id='word_1_454' title='bbox 496 4582 602 4640; x_wconf 76' lang='lat' dir='ltr'><strong>tudteee</strong></span> <span class='ocrx_word' id='word_1_455' title='bbox 623 4585 721 4637; x_wconf 86' lang='lat' dir='ltr'><strong>Cicero</strong></span> <span class='ocrx_word' id='word_1_456' title='bbox 745 4587 868 4641; x_wconf 80' lang='lat' dir='ltr'><strong>obtlttuie</strong></span> <span class='ocrx_word' id='word_1_457' title='bbox 886 4604 950 4654; x_wconf 84' lang='lat' dir='ltr'><strong>eos,</strong></span> <span class='ocrx_word' id='word_1_458' title='bbox 978 4607 1047 4659; x_wconf 83' lang='lat' dir='ltr'><strong>quos</strong></span> <span class='ocrx_word' id='word_1_459' title='bbox 1074 4594 1132 4662; x_wconf 86' lang='lat' dir='ltr'><strong>lpse</strong></span> <span class='ocrx_word' id='word_1_460' title='bbox 1159 4606 1292 4662; x_wconf 83' lang='lat' dir='ltr'><strong>patronus</strong></span> <span class='ocrx_word' id='word_1_461' title='bbox 1317 4592 1461 4646; x_wconf 78' lang='lat' dir='ltr'><strong>volulaaet:</strong></span> 
     </span>
     <span class='ocr_line' id='line_1_47' title="bbox 138 4656 1465 4731; baseline 0.005 -20"><span class='ocrx_word' id='word_1_462' title='bbox 138 4669 170 4711; x_wconf 85' lang='lat' dir='ltr'><strong>ut</strong></span> <span class='ocrx_word' id='word_1_463' title='bbox 181 4658 295 4711; x_wconf 82' lang='lat' dir='ltr'><strong>Clodius</strong></span> <span class='ocrx_word' id='word_1_464' title='bbox 307 4656 426 4729; x_wconf 82' lang='lat' dir='ltr'><strong>insumis</strong></span> <span class='ocrx_word' id='word_1_465' title='bbox 431 4659 544 4729; x_wconf 71' lang='lat' dir='ltr'><strong>jecerit,</strong></span> <span class='ocrx_word' id='word_1_466' title='bbox 563 4665 660 4731; x_wconf 75' lang='lat' dir='ltr'><strong>qnippe</strong></span> <span class='ocrx_word' id='word_1_467' title='bbox 679 4663 724 4729; x_wconf 77' lang='lat' dir='ltr'><strong>qni</strong></span> <span class='ocrx_word' id='word_1_468' title='bbox 737 4665 954 4729; x_wconf 76' lang='lat' dir='ltr'><strong>praevaricatus</strong></span> <span class='ocrx_word' id='word_1_469' title='bbox 965 4673 1028 4725; x_wconf 70' lang='grc' dir='ltr'><strong>ηις</strong></span> <span class='ocrx_word' id='word_1_470' title='bbox 1046 4683 1112 4716; x_wconf 87' lang='lat' dir='ltr'><strong>nom</strong></span> <span class='ocrx_word' id='word_1_471' title='bbox 1125 4673 1154 4717; x_wconf 85' lang='lat' dir='ltr'><strong>ei</strong></span> <span class='ocrx_word' id='word_1_472' title='bbox 1166 4671 1281 4718; x_wconf 82' lang='lat' dir='ltr'><strong>reiectio</strong></span> <span class='ocrx_word' id='word_1_473' title='bbox 1294 4667 1414 4719; x_wconf 70' lang='lat' dir='ltr'><strong>inditam</strong></span> <span class='ocrx_word' id='word_1_474' title='bbox 1427 4664 1465 4718; x_wconf 69' lang='lat' dir='ltr'><strong>ad</strong></span> 
     </span>
     <span class='ocr_line' id='line_1_48' title="bbox 138 4732 1462 4817; baseline 0.007 -30"><span class='ocrx_word' id='word_1_475' title='bbox 138 4734 289 4787; x_wconf 73' lang='lat' dir='ltr'><strong>arbitrium</strong></span> <span class='ocrx_word' id='word_1_476' title='bbox 308 4738 350 4784; x_wconf 80' lang='lat' dir='ltr'><strong>rei</strong></span> <span class='ocrx_word' id='word_1_477' title='bbox 368 4732 518 4786; x_wconf 82' lang='lat' dir='ltr'><strong>videbatur</strong></span> <span class='ocrx_word' id='word_1_478' title='bbox 537 4752 595 4785; x_wconf 83' lang='lat' dir='ltr'><strong>esse</strong></span> <span class='ocrx_word' id='word_1_479' title='bbox 607 4734 709 4803; x_wconf 83' lang='lat' dir='ltr'><strong>facia.</strong></span> <span class='ocrx_word' id='word_1_480' title='bbox 743 4739 859 4804; x_wconf 70' lang='lat' dir='ltr'><strong>(nacon.</strong></span> <span class='ocrx_word' id='word_1_481' title='bbox 877 4739 909 4799; x_wconf 81' lang='lat' dir='ltr'><strong>ln</strong></span> <span class='ocrx_word' id='word_1_482' title='bbox 927 4738 998 4811; x_wconf 74' lang='lat' dir='ltr'><strong>Tog.</strong></span> <span class='ocrx_word' id='word_1_483' title='bbox 1016 4740 1116 4806; x_wconf 89' lang='lat' dir='ltr'><strong>Cautl.)</strong></span> <span class='ocrx_word' id='word_1_484' title='bbox 1154 4740 1292 4796; x_wconf 84' lang='lat' dir='ltr'><strong>Tunatalll</strong></span> <span class='ocrx_word' id='word_1_485' title='bbox 1306 4742 1358 4817; x_wconf 72' lang='lat' dir='ltr'><strong>Ep.</strong></span> <span class='ocrx_word' id='word_1_486' title='bbox 1377 4744 1462 4815; x_wconf 67' lang='lat' dir='ltr'><strong>[bii.</strong></span> 
     </span>
     <span class='ocr_line' id='line_1_49' title="bbox 177 4804 658 4882; baseline -0.002 -17"><span class='ocrx_word' id='word_1_487' title='bbox 177 4808 207 4882; x_wconf 80' lang='lat' dir='ltr'><strong>I)</strong></span> <span class='ocrx_word' id='word_1_488' title='bbox 227 4804 284 4865; x_wconf 77' lang='lat' dir='ltr'><strong>cir.</strong></span> <span class='ocrx_word' id='word_1_489' title='bbox 303 4822 385 4882; x_wconf 80' lang='lat' dir='ltr'><strong>snpra</strong></span> <span class='ocrx_word' id='word_1_490' title='bbox 404 4806 437 4860; x_wconf 82' lang='lat' dir='ltr'><strong>ad</strong></span> <span class='ocrx_word' id='word_1_491' title='bbox 458 4825 482 4863; x_wconf 96' lang='lat' dir='ltr'><strong>a.</strong></span> <span class='ocrx_word' id='word_1_492' title='bbox 502 4828 529 4864; x_wconf 88' lang='lat' dir='ltr'><strong>tt.</strong></span> <span class='ocrx_word' id='word_1_493' title='bbox 549 4824 575 4864; x_wconf 72' lang='lat' dir='ltr'><strong>a.</strong></span> <span class='ocrx_word' id='word_1_494' title='bbox 594 4812 658 4870; x_wconf 84' lang='lat'><strong>676.</strong></span> 
     </span>
    </p>
   </div>
   <div class='ocr_carea' id='block_1_11' title="bbox 0 0 1618 5310">
    <p class='ocr_par' dir='ltr' id='par_1_11' title="bbox 0 0 1618 5310">
     <span class='ocr_line' id='line_1_50' title="bbox 0 0 1618 5310; baseline 0 0"><span class='ocrx_word' id='word_1_495' title='bbox 0 0 1618 5310; x_wconf 95' lang='lat' dir='ltr'><strong> </strong></span> 
     </span>
    </p>
   </div>
  </div>
 </body>
</html>
