3218 5310
149 261 188 323 m
551 261 602 324 ut.
628 228 787 324 ἰἰιιᾷιιι
812 257 1061 325 ctceuoms

107 392 117 411 ⁸
147 401 282 463 Galliam
304 397 464 465 Antonius
487 411 555 462 erat
576 399 718 463 sortitus.
764 398 971 464 Commutatis
994 400 1104 463 deinde
1127 400 1323 483 provinciis,
1349 402 1468 471 Cicero

146 515 208 576 pro
232 493 282 557 illa
304 497 384 558 hane
404 493 525 575 recepit
551 504 773 576 acceptamque
802 494 833 555 in
863 494 1018 557 concione
1047 494 1206 576 deposuit.
1250 495 1338 559 Hine
1360 497 1391 561 in
1414 498 1468 563 Pi·

147 606 254 649 sonem
277 610 307 649 e.
333 588 364 650 9.
408 590 505 669 Ego,
536 585 655 670 inquit,
680 587 895 669 prouinciam
917 589 1066 652 Galliam
1094 601 1233 653 scamus
1260 591 1469 655 anctoritate

146 682 299 743 exercitu
326 689 357 743 et
385 682 533 759 pecunia
562 683 761 743 instructam
788 693 820 747 et
848 691 1006 745 ornatam
1037 693 1069 745 et
1097 704 1202 765 quam
1223 703 1305 747 eum
1323 680 1467 748 Antonio

148 773 401 832 communicavi
420 769 655 856 [commutavi
674 771 812 834 lactasse
834 772 968 846 rectius,
987 770 1020 850 ¹]
1043 772 1138 854 quod
1158 776 1208 835 ila
1228 772 1467 837 existimabam

145 871 299 940 tempora
309 862 359 922 rei
367 861 528 940 publicae
528 862 638 940 serre,
656 866 691 925 in
703 867 866 928 concione
878 863 1028 945 deposui,
1045 863 1253 927 reclamante
1263 862 1468 945 popolollo-

145 970 257 1017 mono.
299 950 431 1015 Interim
457 954 499 1017 L.
528 955 660 1038 Sergius
685 954 820 1018 Catilina
845 975 931 1017 arura
951 975 1009 1036 per
1032 953 1153 1016 ltaliam
1177 953 1255 1017 locis
1275 952 1465 1035 opportunis

145 1043 295 1123 parabat,
325 1045 489 1125 pecttniam
516 1069 571 1110 sua
599 1060 650 1109 aut
681 1040 854 1111 anticorum
880 1049 941 1112 lide
964 1061 1119 1133 stuuptam
1147 1060 1285 1111 rutatuam
1316 1046 1473 1113 Faeeulrt'

145 1138 186 1197 ad
208 1133 248 1202 C.
269 1137 414 1201 Mallium
437 1141 654 1205 centurionem
677 1145 838 1223 portabat.
890 1142 1037 1225 [lectique
1061 1142 1215 1225 plurimos
1232 1141 1386 1225 caritasque
1411 1164 1465 1229 ge·

145 1230 228 1294 neris
251 1231 392 1296 homines
415 1234 611 1298 adsciscebat
636 1235 718 1298 etin
745 1238 924 1318 proxiumm
951 1258 1064 1299 anniam
1095 1237 1290 1300 consulatum
1316 1238 1463 1318 pertint,

144 1336 181 1388 ut
205 1327 361 1392 Salustius
381 1350 454 1410 cap.
478 1330 530 1391 9ι.
554 1342 586 1392 ιι
612 1330 663 1393 96.
688 1329 813 1394 scribit.
865 1332 945 1395 Cum
972 1329 1092 1404 cannia,
1118 1341 1152 1392 nt
1180 1330 1293 1393 consul
1319 1328 1464 1415 designa·

72 1434 77 1441 “
143 1428 251 1494 retur,
288 1419 423 1485 Catilina
454 1422 618 1486 moliretur
645 1423 783 1507 nihilque
814 1424 999 1489 intentatum
1027 1423 1239 1507 relinqueret,
1272 1423 1328 1487 M.
1356 1422 1463 1487 'stillio

145 1513 304 1577 referente
325 1516 444 1597 placuit
469 1517 608 1593 sertatui,
633 1530 667 1580 ut
693 1521 730 1580 ad
754 1538 906 1600 poenam,
931 1539 1012 1601 quae
1038 1518 1172 1581 ambitus
1202 1516 1325 1581 crimini
1350 1516 1466 1581 consti·

142 1617 211 1671 tuta
240 1621 325 1683 erat,
357 1612 463 1673 decem
493 1632 645 1674 annorum
677 1610 819 1674 exsilium
850 1612 920 1697 lege
945 1615 984 1674 ad
1011 1612 1163 1694 poptrlmu
1191 1611 1251 1674 lata
1277 1612 1465 1685 adderetura

142 1702 224 1764 baec
241 1701 306 1766 Dio
329 1704 526 1777 XXXVII,
552 1705 604 1767 29.
649 1706 771 1788 Legem
792 1709 830 1771 de
853 1705 969 1768 atribitu
988 1728 1022 1768 se
1041 1707 1200 1770 cousulem
1224 1705 1333 1769 tulisse
1348 1702 1463 1791 Cicera

143 1816 270 1880 quoqne
298 1816 360 1877 pro
382 1797 519 1860 Murena
542 1797 709 1881 aliquoties
734 1801 833 1876 (veltet
857 1823 928 1882 cap.
950 1801 998 1877 3.)
1020 1798 1197 1881 signifieat:
1222 1799 1295 1862 item
1318 1800 1351 1862 io
1373 1795 1486 1863 Vati·-

143 1889 228 1951 nium
256 1911 327 1972 cap.
351 1891 402 1955 15.
446 1886 553 1974 Atque
585 1890 676 1953 illud
698 1896 802 1956 eliam
832 1894 951 1958 audire
978 1913 1001 1954 a
1025 1902 1056 1956 te
1084 1895 1207 1973 eunio,
1241 1913 1351 1976 quare
1383 1910 1461 1955 earet

143 2003 210 2061 ego
231 1984 342 2063 legem
363 1982 403 2048 de
426 1982 557 2046 ambitu
578 2004 623 2045 ex
637 1982 672 2043 S.
694 1985 726 2046 Ο.
747 1986 902 2060 tulerim,
922 1987 992 2047 sine
1005 1985 1038 2044 vi
1051 1984 1206 2058 tulerim,
1225 1984 1329 2045 soleis
1351 1980 1463 2061 auspi·

144 2074 209 2133 ciis
229 2074 385 2146 tulerim,
406 2074 504 2134 salva
518 2073 593 2153 lege
607 2070 701 2136 ‚letio
715 2083 746 2135 ct
764 2074 882 2149 Fusio:
902 2084 939 2137 tu
960 2094 1035 2137 eam
1051 2095 1119 2137 esse
1135 2075 1246 2153 legem
1259 2094 1327 2135 non
1343 2072 1464 2155 putes?

143 2163 285 2225 Vetabat
306 2165 413 2225 eadem
442 2163 493 2224 lex
516 2163 658 2236 biennio,
682 2185 746 2247 quo
766 2164 836 2247 quis
855 2175 977 2244 peteret
1001 2165 1197 2246 petiturusvc
1221 2176 1320 2239 esset,
1345 2162 1463 2249 gladia·

142 2267 229 2320 tores
255 2258 351 2329 dare,
377 2255 435 2317 nisi
461 2277 502 2316 ex
524 2267 713 2319 testamento
744 2258 928 2336 praestituta
962 2258 1028 2330 dic;
1054 2269 1086 2320 ιιι
1117 2258 1231 2322 ibidem
1260 2270 1292 2321 et
1318 2280 1381 2341 pro
1406 2258 1463 2321 Se·

141 2350 202 2412 stio
230 2370 302 2430 cap.
328 2350 381 2412 bl.
403 2348 457 2411 ait.
500 2347 582 2413 Curu
607 2346 759 2424 Catilina,
785 2361 819 2412 nt
843 2350 908 2413 llio
936 2351 1045 2426 tradit,
1085 2352 1165 2414 haue
1191 2352 1293 2437 legem
1327 2350 1462 2415 'l'ulliaot

141 2454 253 2506 contra
285 2464 320 2506 se
355 2464 395 2505 ex
422 2446 460 2506 S.
494 2441 536 2507 C.
566 2443 657 2504 latam
691 2455 836 2523 putaret,
865 2466 985 2507 ruantuu
1014 2448 1168 2526 quandam
1198 2446 1398 2528 coaeparavit
1432 2454 1464 2507 et

142 2533 334 2601 Ciceronem
362 2558 432 2599 cum
455 2534 524 2599 aliis
545 2535 702 2600 nonnrdlis
721 2536 915 2620 principibus
938 2539 967 2600 iu
994 2562 1106 2623 campo
1127 2539 1262 2605 comitiis
1285 2539 1463 2605 interficere

141 2642 274 2693 conatus
296 2640 363 2704 est,
388 2641 420 2692 ιιι
438 2628 507 2711 ipse
528 2629 694 2693 coelestim
718 2630 948 2714 designaretur.
993 2635 1106 2697 Edicta
1130 2633 1258 2698 comitia
1282 2632 1462 2698 consularia

111 2778 114 2783 .
139 2722 236 2787 fuisse
267 2722 414 2787 videntur
446 2724 478 2787 in
505 2736 575 2791 aute
606 2723 686 2786 diem
713 2725 795 2789 Xll.
828 2726 901 2790 Kal.
929 2729 1108 2802 Novemb„
1139 2728 1193 2812 qui
1219 2727 1402 2792 nominatur
1432 2726 1462 2791 iu

142 2816 237 2884 Catil.
260 2819 291 2882 1.
311 2840 384 2901 cap.
409 2819 457 2892 3.;
479 2821 554 2892 sed,
578 2841 647 2882 eum
675 2817 777 2899 pridie
798 2820 864 2882 cius
881 2820 940 2884 diei
962 2820 1079 2885 Cicero
1100 2820 1253 2885 Catilinae
1274 2820 1408 2885 consilia
1424 2821 1465 2887 at

140 2923 280 2976 senatum
310 2914 490 2987 detulisset,
514 2913 631 2976 lacuma
658 2925 705 2976 est
727 2916 762 2976 S.
787 2912 849 2989 C.,
875 2936 914 2978 ιιι
936 2927 1067 2996 postero
1090 2915 1139 2978 die
1161 2914 1286 2979 comitia
1307 2916 1463 2979 baberen-

140 3016 210 3082 tur,
244 3018 279 3070 ut
309 3010 348 3071 de
380 3009 417 3071 iis
451 3011 546 3072 rebus
579 3008 611 3070 iu
636 3020 743 3070 senatu
773 3007 826 3092 agi
853 3021 975 3089 posset.
1018 3011 1139 3092 ltaque
1159 3002 1342 3091 postridie,
1362 3008 1470 3094 inquit,

141 3098 259 3164 Cicero
294 3123 355 3183 pro
388 3102 527 3165 Murena
557 3124 629 3184 cap.
661 3103 713 3167 95.
736 3100 919 3184 frequenti
947 3111 1066 3166 sertam
1101 3101 1284 3165 Catilinam
1312 3104 1465 3167 excitavi

140 3203 245 3276 alque
266 3215 343 3257 eum
372 3195 412 3258 dc
438 3199 478 3258 iis
505 3195 603 3259 rebus
633 3196 784 3267 iussi,'si
814 3191 898 3274 quid
928 3193 1044 3267 vellet,
1065 3211 1156 3274 quae
1179 3188 1228 3252 acl
1244 3210 1296 3253 me
1327 3192 1462 3257 allatae

139 3293 264 3364 essent,
284 3283 404 3351 dicere.
443 3282 551 3368 Atque
574 3286 654 3361 ille,
676 3296 712 3347 ut
735 3305 864 3366 serrtper
874 3279 955 3361 fuit
976 3282 1222 3363 apertissimus,
1242 3301 1310 3342 non
1327 3301 1363 3347 se
1377 3302 1463 3364 pter·

138 3376 253 3455 gavit,
274 3373 333 3437 sed
351 3373 511 3437 indicavit
531 3385 634 3458 atque
658 3375 784 3437 induit:
805 3383 877 3437 turn
898 3376 986 3437 enim
1006 3372 1111 3448 dicit,
1132 3371 1199 3434 duo
1225 3390 1377 3452 corpora
1392 3392 1463 3439 este

138 3466 190 3527 rei
204 3462 379 3545 publicae,
400 3485 505 3528 unum
515 3465 623 3529 debile
636 3465 769 3540 insieme
785 3466 912 3544 canite,
931 3464 1079 3526 alterum
1086 3459 1230 3537 firmum
1243 3463 1312 3525 sine
1328 3464 1463 3544 eapile3

138 3554 240 3629 ltuie,
267 3556 420 3616 eumilo
444 3554 485 3618 cle
506 3576 540 3618 se
558 3557 721 3618 meritum
743 3562 843 3630 esset,
871 3563 978 3634 caput
998 3573 1033 3615 se
1059 3553 1131 3614 eico
1157 3573 1224 3615 non
1249 3551 1462 3631 defuturum.

139 3643 303 3707 Hactenus
339 3641 476 3718 Cicer-03
509 3645 589 3708 idem
624 3657 671 3706 est
700 3645 782 3724 apud
815 3642 1019 3707 Plutarchum
1044 3662 1115 3724 cap.
1145 3642 1198 3704 tt.
1236 3644 1303 3709 ,Eo
1328 3640 1404 3729 die,
1428 3642 1462 3707 id

139 3749 205 3813 est,
231 3749 347 3801 octavo
374 3737 496 3801 decium
525 3751 614 3812 ante,
638 3759 730 3823 quam
755 3735 886 3819 prienam
920 3734 1132 3801 catilinarium
1160 3734 1277 3801 Cicero
1303 3735 1404 3813 dixit,
1427 3748 1463 3803 ιιι

138 3829 298 3896 Asconius
331 3831 359 3894 in
393 3831 485 3896 Orat.
518 3831 547 3894 iu
582 3832 731 3897 Pisonem
765 3852 836 3912 cap.
866 3830 897 3893 9.
922 3832 1001 3908 (Ed.
1034 3830 1117 3893 Bait.
1147 3852 1225 3917 pag.
1253 3831 1307 3911 b.)
1329 3828 1460 3907 scribit,

138 3925 254 3988 iactum
276 3936 325 3988 cst
343 3926 379 3988 S.
401 3922 462 3997 C.¹
488 3938 520 3987 ut
548 3926 687 3989 uiderent
710 3925 878 3997 concaedes,
903 3947 941 3986 ιιι
965 3923 1039 4009 quid
1059 3945 1109 3986 ces
1132 3923 1257 4004 publica
1281 3922 1462 3989 detrimenti

136 4032 282 4100 caperet:
312 4022 349 4082 de
377 4040 442 4104 quo
471 4018 625 4084 Salustius
649 4044 720 4103 cap.
747 4018 800 4083 99.
825 4030 854 4081 ιι
878 4018 1087 4089 Plutarchus,
1116 4015 1170 4102 qui
1200 4016 1303 4093 addit,
1335 4018 1399 4082 boc
1420 4018 1460 4083 S.

138 4110 181 4176 C.
210 4114 297 4179 lecto
329 4114 517 4180 Ciceronem
547 4137 600 4179 res
626 4125 772 4179 externas
798 4113 841 4192 Q.
868 4112 1004 4177 Metello
1027 4109 1134 4175 Celeri
1157 4110 1368 4188 coturnisisse,
1397 4108 1462 4196 ipsi

138 4207 259 4271 Urbem
281 4231 374 4273 curae
403 4209 519 4285 suissea
543 4212 623 4274 idem
647 4209 764 4273 Cicero
791 4230 842 4288 ep.
870 4206 901 4267 9.
930 4206 984 4268 lib.
1014 4208 1060 4266 V.
1082 4207 1122 4266 ad
1151 4204 1264 4268 Famil.
1287 4204 1461 4290 signifieat.

138 4297 301 4375 Comitiis,
324 4305 412 4386 quod
438 4302 580 4367 horniucs
603 4304 664 4366 iam
687 4315 751 4365 tum
778 4300 979 4369 coniuratos,
1005 4307 1037 4360 ut
1061 4319 1122 4380 pro
1145 4299 1284 4361 Mttrena
1309 4319 1383 4381 erp.
1404 4296 1459 4371 96.

137 4402 290 4468 testatur,
313 4395 345 4457 iu
368 4416 511 4479 eampum
537 4398 646 4461 deduci
672 4396 808 4470 sciebat,
839 4392 997 4458 deseendit
1020 4391 1051 4454 iu
1078 4412 1221 4475 campum
1250 4414 1320 4455 eum
1344 4390 1459 4457 firmis·

135 4483 218 4550 simo
239 4488 397 4569 praesidio
415 4489 663 4556 fortissimorum
684 4489 827 4552 virorum
846 4500 963 4551 etcum
985 4487 1038 4551 illa
1057 4488 1117 4551 lata
1136 4486 1316 4573 insignique
1334 4486 1456 4562 lorica,

136 4588 171 4642 ut
191 4598 301 4642 omnes
327 4580 404 4645 boni
424 4583 710 4648 animadverterent
737 4595 785 4658 et,
812 4605 882 4646 ιιιιιι
909 4582 939 4644 in
963 4594 1046 4645 ιιιιιιι
1071 4594 1103 4645 et
1126 4580 1271 4664 periculo
1293 4580 1457 4646 consule·

135 4736 223 4869 db1)
242 4738 416 4795 Commetare·
441 4758 603 4817 receperunt
628 4742 693 4798 Ero.
713 4757 741 4797 et
765 4740 893 4796 Schuetz.
937 4739 1011 4795 tttht
1036 4737 1123 4796 codd.
1148 4738 1233 4797 lectio
1261 4722 1399 4812 praestare
1419 4741 1458 4791 rt·

153 4830 259 4870 estur.
