3218 5310
686 244 927 312 utsuonts.
1367 345 1372 351 ,
1427 250 1468 317 :s

277 414 382 480 Auno
403 413 501 480 Urbis
524 415 750 481 DOXCVIII.
775 415 948 479 Ciceronis
969 420 1049 482 LII.
1073 439 1162 482 coss.
1175 417 1337 511 fuerunt

137 559 220 638 CN.
239 557 500 635 POMPEIUS
524 557 733 635 MAGNUS
760 558 831 655 11.‚
859 558 1393 640 1..L1c1N1UscRASSUs
1421 565 1471 638 II.

226 712 437 781 Consulatum
461 735 501 775 ex
524 713 708 797 interregno
731 713 868 778 inierunt
896 713 979 794 (Dio
1003 716 1061 780 lib.
1084 717 1260 789 XXXIX,
1292 717 1368 798 31.)
1398 719 1472 783 reli·

137 828 288 899 quosque
311 808 514 891 magistratus
537 828 596 870 suo
622 807 777 870 arbitratu
798 821 962 872 crearunt:
996 831 1060 892 quo
1086 821 1230 891 tempore
1254 812 1306 874 M.
1332 811 1418 883 Catu
1441 812 1471 874 iu

136 915 310 988 praeturae
330 899 485 985 petitione
506 903 665 980 repulsam
689 901 759 965 tulit
783 915 813 964 et
836 903 878 967 P.
899 902 1047 965 Vatinius
1071 903 1101 966 iu
1126 907 1232 968 Iocum
1255 907 1321 968 eius
1348 919 1472 971 creatus

137 1010 207 1072 est:
236 995 430 1060 Plutarchus
456 1005 486 1056 et
501 987 586 1057 ¹llio.
632 992 749 1058 Cicero
776 1016 881 1057 :nense
903 993 1011 1075 Aprili
1036 994 1096 1058 luit
1119 995 1187 1059 ruri
1213 996 1318 1081 ibique
1342 1000 1472 1083 scripsit

139 1090 308 1177 epistolam
327 1088 380 1151 to.
404 1085 462 1150 lib.
478 1087 544 1150 IV.
568 1087 711 1162 uentu,
737 1109 807 1150 eum
831 1085 976 1151 Puteolis
1000 1092 1131 1171 utagnds
1156 1102 1240 1153 esset
1264 1094 1473 1158 1111101110-

138 1186 294 1250 Iemaeum
316 1200 387 1245 esse
410 1180 441 1243 in
465 1201 577 1264 regno.
623 1182 705 1243 Eum
729 1182 773 1243 A.
799 1179 952 1269 Gabinius
975 1182 1039 1244 boe
1062 1204 1146 1245 anuo
1170 1183 1255 1247 iussu
1271 1184 1418 1268 Pompeii
1440 1184 1472 1250 iu

138 1298 275 1365 reguum
290 1273 448 1346 restituit:
472 1274 665 1339 Plutarchus
681 1274 711 1336 iu
728 1275 898 1357 Pompeio,
922 1275 987 1339 Dio
1003 1274 1059 1338 lib.
1075 1276 1245 1354 XXXIX,
1263 1279 1330 1354 55„
1353 1279 1470 1344 Strabo

138 1374 200 1437 lib.
220 1370 307 1437 XII.
330 1378 362 1432 et
381 1368 498 1432 XVII.
544 1368 694 1432 Meminit
717 1367 836 1434 Cicero
859 1368 889 1431 in
914 1369 1064 1434 Pisonem
1089 1391 1161 1454 cap.
1183 1371 1256 1447 21.;
1283 1394 1375 1456 quiam
1399 1395 1473 1438 ora-

139 1467 261 1532 tionem
287 1463 337 1529 his
366 1463 551 1527 consulibus
579 1462 659 1525 dixit
685 1474 817 1527 auctore
840 1462 1004 1538 Asconio,
1034 1486 1106 1527 cum
1127 1465 1225 1541 Piso',
1257 1478 1468 1531 revocatuse

139 1558 334 1625 Macedonia
355 1557 508 1621 sententia
525 1555 709 1630 Ciceronis,
734 1578 827 1641 qttam
851 1578 934 1618 auno
954 1557 1121 1640 superiore
1143 1561 1181 1622 de
1200 1558 1375 1642 provinciis
1391 1557 1469 1623 eon-

138 1653 300 1719 sulsribus
329 1651 470 1726 dixerat,
502 1653 540 1714 de
568 1648 775 1716 insectatione
806 1649 871 1714 eius
900 1649 930 1713 in
958 1662 1068 1713 senatu
1094 1665 1286 1737 conquestus
1314 1661 1410 1737 atque
1436 1655 1469 1716 in

139 1770 213 1812 eum
237 1745 384 1811 invectus
407 1755 503 1808 esset.
541 1744 653 1808 Pisoni
674 1744 791 1810 Cicero
810 1744 974 1827 respoudit
994 1745 1139 1809 oratione
1161 1746 1234 1821 illa,
1260 1768 1343 1831 quae
1366 1758 1471 1810 exstat

138 1852 173 1904 et
193 1837 338 1904 continet
359 1836 488 1903 Pisonis
511 1836 790 1919 vituperationem,
817 1837 964 1921 ‘utramvis
996 1837 1027 1900 iu
1057 1850 1168 1901 senatu
1196 1838 1238 1901 sit
1266 1840 1371 1903 habita
1398 1841 1472 1905 loco

137 1931 334 2008 sententiae:
362 1944 398 1995 ut
424 1942 557 1995 testatur
577 1931 713 2012 Quintil.
744 1931 800 1995 lib.
824 1931 891 1995 III.
920 1953 989 2014 cap.
1010 1932 1039 1997 9.
1083 1931 1178 1994 Dicta
1203 1931 1264 1995 luit
1289 1932 1393 1997 oratio
1415 1955 1472 1996 au-

139 2042 234 2094 ctore
261 2026 406 2092 Asconio
436 2039 507 2089 aute
536 2047 657 2108 paticus
687 2024 771 2098 dies,
803 2046 896 2108 quam
924 2024 988 2089 Cn.
1013 2026 1187 2106 Pompeius
1214 2027 1306 2090 ludos
1336 2025 1472 2100 faceret,

139 2122 257 2209 quibus
285 2121 440 2183 theatrum
468 2141 484 2182 a
511 2141 544 2183 se
566 2118 684 2180 facttum
710 2118 877 2182 dedicavit.
924 2118 1237 2204 blaguihceutissima
1268 2140 1347 2183 vero
1370 2120 1472 2184 Pom·
1518 2191 1520 2197 ¹

138 2213 204 2300 peii
228 2236 357 2278 munera
381 2217 522 2276 secundo
548 2214 712 2276 consulatu
737 2213 883 2286 intersint:
908 2214 950 2276 ait
971 2211 1088 2277 Cicero
1110 2212 1167 2275 lib.
1193 2213 1241 2276 Il.
1266 2234 1338 2295 cap.
1357 2214 1410 2277 16.
1435 2215 1473 2277 :le

140 2306 266 2374 Officiis
294 2318 326 2370 ct
354 2310 550 2370 demonstrat
579 2306 672 2388 epist.
697 2308 727 2368 1.
760 2305 815 2367 lib.
841 2306 925 2369 VII.
956 2309 996 2369 ad
1016 2306 1129 2369 Famil.
1163 2309 1201 2368 ad
1224 2306 1376 2369 Marium.
1421 2307 1472 2372 De

139 2403 272 2466 theatro
293 2412 325 2465 et
341 2401 423 2464 ludis
440 2401 585 2483 Pompeii
603 2401 793 2464 Plutarchus
812 2399 843 2461 iu
862 2399 928 2462 citis
952 2401 1027 2474 vita,
1051 2400 1116 2465 Dio
1138 2401 1197 2463 lib.
1215 2399 1387 2475 XXXIX,
1405 2400 1471 2478 38„

140 2494 278 2559 Tacitus
303 2494 421 2557 Annal.
454 2493 511 2556 lib.
534 2495 636 2557 XIV.
665 2515 736 2574 cap.
758 2493 831 2565 99,
863 2493 985 2556 Plinius
1015 2493 1071 2557 lib.
1095 2494 1194 2557 VIII.
1224 2515 1295 2575 cap.
1323 2496 1354 2555 t.
1398 2494 1474 2557 Hoc

140 2608 225 2654 anno
254 2585 375 2652 Cicero
407 2590 446 2649 ad
472 2585 624 2667 Quintum
648 2586 780 2649 fratrem
805 2585 930 2666 scripsit
963 2586 1128 2673 epistolam
1151 2587 1182 2650 9.
1208 2599 1239 2649 et
1260 2588 1312 2649 111.
1342 2585 1398 2648 lib.
1423 2585 1472 2649 lI.

140 2694 174 2747 et
193 2683 233 2745 ad
248 2679 390 2746 Atticum
414 2702 466 2764 ep.
492 2682 522 2745 9.
549 2684 601 2743 10.
627 2684 681 2743 11.
704 2681 757 2742 12.
781 2689 813 2740 et
835 2680 888 2743 13.
912 2679 967 2742 lib.
984 2680 1048 2744 IV.
1086 2681 1123 2743 Iu
1145 2679 1235 2742 tertia
1256 2680 1375 2742 decima
1395 2679 1474 2743 lacit

141 2775 334 2841 mentionem
353 2773 563 2857 profectionis
581 2773 690 2838 Crassi
711 2773 742 2835 in
762 2772 904 2854 Syriam:
929 2787 1094 2858 autequam
1119 2794 1198 2836 reno
1221 2772 1389 2855 paludatus
1415 2795 1472 2836 ex·

138 2872 226 2947 iret,
250 2868 401 2933 coenavit
416 2871 500 2951 apud
511 2866 699 2951 Ciceronem
716 2867 747 2930 iu
765 2869 867 2932 hortis
883 2867 1084 2951 Crassipedis
1100 2867 1230 2950 genech
1254 2878 1307 2950 cp.
1320 2868 1352 2931 9.
1371 2867 1426 2929 lib.
1443 2867 1472 2930 I.

140 2967 181 3028 ad
201 2964 296 3028 Fam.
339 2962 600 3025 Proficisecutem
624 2961 736 3026 Ateius
762 2961 901 3045 Capito,
927 2959 1214 3044 tribunusplebis,
1239 2962 1314 3024 diris
1336 2964 1473 3025 retinere

140 3068 278 3122 conatus
305 3066 374 3120 est:
402 3056 457 3118 ille
482 3077 561 3120 vero
591 3055 727 3119 dirarum
759 3053 999 3120 obnuntiatione
1021 3056 1165 3138 neglecta
1194 3055 1223 3117 in
1246 3054 1368 3135 Syriam
1392 3076 1472 3120 eou-

140 3152 242 3216 teudit
270 3163 365 3237 atque
396 3151 537 3215 exercitu
567 3152 670 3215 deleto
701 3161 787 3212 trans
810 3149 1005 3230 Euphratem
1031 3169 1101 3212 etam
1125 3147 1299 3233 ignominia
1321 3159 1353 3210 et
1376 3150 1471 3212 dede·

141 3268 222 3312 core
242 3244 359 3330 periit:
391 3242 508 3311 Cicero
531 3244 587 3308 lib.
604 3244 634 3307 I.
659 3257 731 3325 cap.
754 3242 806 3305 11.
828 3253 859 3304 et
877 3243 921 3305 II.
942 3264 1015 3323 cap.
1037 3242 1068 3305 9.
1092 3240 1313 3316 deDiviuat.»‚
1343 3243 1473 3306 Plutar·
1506 3315 1511 3321 ¹

141 3341 238 3417 chus,
269 3338 455 3422 Appianas,
488 3337 573 3411 Diu,
604 3337 750 3400 Velleius
771 3335 827 3398 lib.
850 3335 899 3399 lI.
927 3356 998 3421 cap.
1021 3335 1074 3398 tu.
1097 3334 1215 3398 etalii.
1260 3332 1378 3400 Cicero
1410 3338 1475 3399 hoe

141 3446 291 3516 tempore
320 3431 450 3514 scripsit
472 3431 563 3494 etiam
590 3443 656 3494 tres
677 3429 778 3494 libros
801 3432 839 3491 de
863 3431 1021 3495 Oratore:
1054 3432 1093 3492 de
1123 3427 1236 3513 qrtibus
1264 3429 1309 3491 sic
1336 3432 1375 3493 ad
1401 3429 1473 3493 Att.

141 3527 275 3612 ep.13.
297 3525 353 3591 lib.
373 3527 458 3590 IV.:
483 3527 524 3588 ele
539 3523 636 3588 libris
651 3523 817 3587 oratoriis
826 3521 975 3612 jactum
999 3536 1050 3586 est
1072 3545 1096 3585 a
1117 3545 1169 3585 me
1192 3523 1391 3607 diligenter:
1413 3522 1474 3585 din

138 3621 353 3704 multumque
374 3619 411 3682 in
432 3618 589 3682 manibus
600 3614 775 3706 feserunt.-
803 3616 975 3686 deecribus
997 3617 1088 3681 lieet.
1131 3616 1216 3681 Vide
1236 3618 1329 3680 etiam
1347 3637 1473 3698 prooe-

141 3712 239 3778 mium
265 3712 322 3777 lib.
345 3713 395 3777 II.
424 3716 461 3776 de
488 3713 618 3780 Orat.¹.

283 3994 387 4059 Auno
409 3991 510 4057 Urbis
533 3994 723 4057 DCXGIX.
751 3990 925 4055 Ciceronis
950 3994 1048 4057 Lttt.
1073 4013 1163 4055 coss.
1176 3989 1337 4081 ficerunt

140 4138 184 4214 Ia.
198 4134 449 4214 DOMITIUS
471 4133 850 4247 AHENOBAIIBUS,
869 4135 946 4209 ΑΡ.
960 4132 1209 4211 CLAUDIUS
1225 4133 1473 4209 PULCHER.

227 4292 313 4360 Cum
335 4291 473 4359 Crassus
496 4294 560 4357 hoe
590 4304 735 4374 tempore
765 4287 951 4369 1181111111
980 4290 1042 4355 iter
1072 4291 1223 4365 haberet,
1259 4287 1377 4355 Cicero
1409 4290 1475 4355 eius

143 4388 285 4454 absentis
306 4408 429 4450 eausam
453 4388 482 4449 111
501 4398 612 4450 senatu
632 4383 772 4449 defendit
792 4394 824 4446 et
844 4406 915 4447 eum
933 4384 1114 4448 euusulibus
1136 4396 1231 4468 atque
1254 4385 1475 4449 consiiiaribus

145 4504 258 4570 magns
276 4481 481 4547 contentione
503 4482 699 4556 decertavit;
724 4491 757 4542 ut
774 4478 886 4542 scribit
904 4478 973 4561 ipse
995 4479 1034 4540 ad
1050 4478 1219 4540 Lentulum
1245 4499 1298 4561 ep.
1316 4480 1348 4543 9.
1366 4479 1423 4543 lib.
1441 4479 1472 4545 1.

179 4645 210 4715 1)
231 4642 294 4696 Iloc
314 4654 387 4693 suno
406 4642 594 4710 compositum
614 4653 673 4690 esse
692 4638 791 4710 pudure
812 4633 847 4685 ds
866 4633 1035 4704 temporibus
1054 4637 1112 4683 erus
1131 4631 1193 4687 en.
1211 4633 1265 4689 111.
1286 4637 1305 4688 1.
1326 4653 1351 4690 e.
1370 4592 1477 4689 ‹te-ei.

148 4722 207 4772 stlte
225 4732 279 4772 suo
299 4729 333 4768 sc
352 4717 459 4782 reditu,
485 4728 597 4786 prorsus
617 4712 738 4767 diverses
763 4726 779 4764 a
801 4709 881 4763 libris
900 4709 954 4763 tu.
980 4707 1014 4761 dc
1032 4708 1180 4762 cumulatas
1198 4727 1267 4778 suo,
1293 4707 1395 4765 frustra
1421 4708 1473 4765 ‹ls-

150 4807 302 4849 numerare
323 4804 440 4844 cenatus
460 4805 501 4844 est
520 4787 648 4842 Tunstsll
666 4788 719 4862 Ep.
740 4804 768 4860 p.
789 4790 855 4842 102.
877 4801 952 4857 seqq.
