3218 5310
672 260 912 328 HISTORIA.
1412 268 1464 334 -19

134 397 300 473 riderent,
324 397 357 462 id
374 400 462 484 quod
480 410 528 463 est
542 398 678 478 sachun,
703 405 742 465 ad
763 423 856 486 opem
871 404 1126 492 praesidiumque
1140 405 1208 471 eius
1223 419 1463 473 concurrerent.

135 494 259 557 Tectus
281 492 380 578 igitur
400 494 561 577 praesidio
589 497 683 560 firmo
709 495 881 560 amicorum
906 498 1062 564 Catilinae
1084 512 1149 563 tum
1178 511 1210 564 et
1235 502 1386 567 Autronii
1409 525 1465 567 co-

131 586 203 669 pias
224 599 258 651 et
279 599 427 652 conatum
449 588 618 671 repressit3
652 601 686 652 ut
714 590 757 654 ait
781 613 845 673 pra
875 594 961 656 Sulla
991 614 1071 678 cap.¹
1088 595 1139 659 18.
1168 607 1199 658 et
1221 595 1252 658 in
1276 595 1407 661 Catilin.
1431 596 1462 661 l.

133 700 210 767 cap.
234 682 286 746 ina
310 682 393 765 (lam
412 685 580 765 proximis
602 685 750 747 comitiis
765 685 1003 749 consularibus
1020 708 1074 752 me
1091 689 1265 753 consulem
1283 692 1318 753 in
1337 710 1462 772 campo

131 784 169 841 et
196 776 437 857 competitores
467 781 545 836 tuos
580 772 769 849 interficere
797 775 956 853 voluisti,
991 781 1178 859 compressi
1202 789 1280 843 tuos
1307 780 1462 860 nefarios
1547 845 1551 852 ,

138 873 288 931 cosumus
309 866 504 928 amicornm
523 863 695 946 praesidio
716 873 749 928 et
769 868 898 946 copiis,
926 867 1025 930 nulla
1053 870 1205 932 tumultu
1224 868 1363 950 publice
1384 891 1464 935 corr-

133 958 257 1021 citato.
297 954 457 1032 Loricac,
480 976 543 1039 qua
564 965 667 1018 tectus
688 953 808 1019 Cicero
831 955 862 1017 in
884 976 1027 1039 cartrpum
1050 959 1229 1034 descendit,
1254 960 1464 1027 meminerunt

132 1047 330 1114 Plutarchus
352 1061 386 1114 et
406 1049 485 1115 Dio.
528 1050 590 1114 His
612 1048 748 1113 comitiis
770 1048 906 1115 Catilina
935 1051 1094 1133 repulsam
1124 1052 1237 1115 iterum
1265 1053 1353 1120 tulit:
1387 1077 1466 1121 con-

134 1142 222 1206 snlcs
247 1144 401 1208 declarati
429 1155 502 1208 sunt
529 1144 575 1209 D.
605 1143 715 1208 lunius
745 1143 870 1208 Silanus
896 1156 926 1207 et
949 1147 993 1208 t..
1016 1145 1162 1210 Licinius
1183 1147 1335 1215 Murena.
1379 1150 1461 1216 Oum

135 1236 249 1318 igitar
273 1236 378 1318 nihil,
407 1236 508 1321 inquit
529 1236 805 1314 Dioxxxvtt.
828 1236 901 1315 32,
934 1239 1100 1303 Catilinae
1126 1240 1340 1321 procederet,
1368 1245 1486 1329 iussit¹

136 1328 340 1394 cortiuratos
354 1340 462 1394 unctu
484 1333 518 1393 irr
542 1328 681 1393 domum
700 1331 874 1415 mandam
899 1332 1084 1396 convenire.
1126 1331 1200 1395 Fuit
1222 1335 1389 1399 cadomus
1409 1337 1463 1403 Μ.

134 1418 252 1485 Porcii
272 1422 415 1497 Laecae,
445 1421 479 1486 in
500 1444 594 1507 qnam
623 1420 808 1487 coniuratos
829 1432 924 1486 nocte
946 1444 1001 1498 en,
1032 1444 1114 1506 quae
1143 1438 1311 1491 consecuta
1333 1440 1381 1493 est
1402 1451 1464 1513 po·

133 1514 256 1579 &hm
289 1517 370 1580 diem
400 1518 567 1580 Nonarum
590 1517 792 1592 Noremhr.,
824 1515 981 1581 Catilinae
1009 1517 1244 1584 denuntiatione
1273 1524 1462 1589 convenisse

135 1606 259 1675 Cicero
278 1630 344 1693 pro
366 1610 453 1673 Sulla
476 1632 548 1694 cap.
572 1612 623 1675 18.
643 1609 697 1674 ait.
740 1611 823 1672 Turn
844 1608 1002 1675 Catilinae
1023 1611 1089 1674 dies
1112 1614 1264 1691 exeundi,
1289 1627 1354 1681 tum
1377 1629 1464 1682 cete·

131 1701 181 1768 ta's
208 1704 355 1769 manendi
383 1704 543 1781 conditio,
575 1715 640 1769 tum
670 1702 841 1786 descriptio
870 1715 968 1768 totam
997 1727 1055 1788 per
1083 1707 1204 1771 Urbem
1232 1711 1338 1774 caedis
1367 1722 1463 1796 atque

130 1795 356 1863 incendiorum
375 1798 547 1863 constituta
573 1809 641 1863 est:
675 1799 764 1882 qnod
788 1817 805 1858 a
826 1794 985 1863 Cicerone
1012 1799 1105 1862 Orat.
1130 1792 1164 1864 Ῑ,
1186 1812 1217 1863 et
1239 1802 1288 1866 lt.
1314 1801 1346 1866 in
1368 1804 1464 1873 Catil.

133 1902 168 1955 et
192 1912 212 1955 a
235 1891 374 1957 Salustio
397 1892 587 1975 explicatur.
628 1891 731 1969 Dixit,
741 1891 787 1956 ibi
809 1891 965 1967 Catilina,
996 1893 1170 1974 paullulum
1192 1916 1260 1959 esse
1287 1895 1348 1960 sibi
1369 1899 1463 1962 etiam

133 1976 204 2051 tam
223 2006 359 2062 morae,
389 1989 478 2072 quod
503 1985 623 2054 Cicero
647 1988 792 2051 viveret:
824 1985 946 2068 reperti
971 1997 1044 2049 sunt
1073 1984 1137 2050 duo
1160 1986 1283 2070 equites
1306 1992 1461 2068 Romani,

133 2077 192 2166 qui
215 2100 291 2163 sese
311 2080 364 2143 ills
394 2082 462 2163 ipsa
490 2073 585 2145 nocte
617 2080 725 2163 paullo
756 2092 827 2167 ante
855 2081 956 2145 lucem
984 2077 1174 2144 Ciceronem
1201 2080 1233 2143 in
1258 2102 1318 2146 suo
1344 2083 1463 2148 lectula

131 2163 363 2240 incriectnm
381 2174 630 2258 pollicerentrrr3
655 2176 747 2239 Orat.
763 2175 793 2238 Ι.
820 2195 893 2256 cap.
905 2175 937 2236 1.
963 2173 994 2236 in
1019 2171 1119 2237 Catil.
1163 2175 1257 2237 Alter
1280 2196 1390 2241 eorum
1420 2178 1463 2243 C.

135 2266 311 2335 Cornelius
340 2291 357 2334 a
386 2269 526 2334 Salustio
555 2291 633 2352 cap.
655 2270 707 2333 28.
736 2279 768 2330 et
790 2265 949 2332 Cicerone
975 2287 1038 2349 pro
1060 2267 1147 2333 Sulla
1170 2288 1241 2351 cap.
1264 2270 1463 2336 6161611-

133 2372 211 2427 tetra
234 2361 265 2427 ei
286 2364 445 2427 Salustius
466 2366 509 2429 L.
532 2363 763 2450 Vargunteium
785 2363 889 2437 addit,
923 2361 979 2445 qui
1007 2371 1155 2437 senator,
1187 2384 1250 2427 non
1273 2383 1370 2447 eques
1391 2367 1463 2431 luit.

135 2455 307 2521 Plutarchi
335 2456 409 2521 libri
436 2477 508 2540 cap.
535 2457 585 2520 16.
617 2457 775 2520 Marcium
798 2467 831 2518 et
857 2453 1038 2540 Cethegum
1060 2457 1190 2521 babent.
1233 2458 1300 2523 Dio
1322 2459 1464 2524 nenti-ius

134 2570 252 2617 men
273 2552 444 2635 expressit.
487 2551 570 2618 Cum
593 2564 695 2616 autem
719 2551 837 2617 Cicero
860 2569 919 2632 per
940 2548 1084 2611 Fulviam
1106 2551 1145 2613 de
1168 2550 1263 2627 dolo,
1294 2551 1350 2637 qui
1371 2574 1466 2635 para·

133 2646 248 2723 batur,
279 2645 411 2710 vixdum
442 2645 532 2709 etiam
567 2658 661 2709 coetu
687 2645 743 2709 illo
772 2643 900 2709 dimisso
931 2643 1051 2708 certior
1070 2643 1176 2708 iactus
1203 2640 1305 2723 ess'et,
1336 2649 1464 2712 domum

133 2762 220 2805 mam
243 2740 420 2807 maioribus
443 2738 607 2823 praesidiis
630 2738 763 2803 munivit
791 2748 885 2821 atque
914 2737 1069 2837 firmavitq
1105 2740 1239 2805 exclusit
1266 2762 1341 2818 eos,
1380 2764 1463 2826 quos

135 2836 274 2905 Catilina
297 2858 387 2900 mane
409 2836 572 2917 adipsum
597 2835 766 2897 salutatum
796 2834 936 2896 miserat.
981 2831 1053 2923 Cic.
1081 2832 1114 2896 in
1144 2832 1241 2900 Catil.
1268 2836 1298 2901 I.
1326 2857 1399 2924 cap.
1429 2840 1462 2903 l.

132 2932 310 3008 Salustius,
345 2931 557 3005 Plutarchus,
586 2928 753 3011 Appianus
783 2938 816 2990 et
844 2925 923 2992 Dio.
946 2927 1010 2990 vt.
1033 2928 1110 2991 Idus
1137 2929 1317 2994 Novembr.
1342 2929 1462 2997 Cicero

131 3040 278 3094 mmmm
298 3024 333 3089 in
355 3024 446 3089 loris
467 3020 605 3088 Statoris
627 3024 755 3098 aedem,
782 3041 864 3106 quac
886 3032 956 3083 erat
976 3019 1064 3085 initio
1087 3021 1157 3084 viae
1180 3023 1315 3099 Sacrae,
1339 3045 1401 3108 qua
1424 3027 1464 3089 ad

133 3118 295 3189 Palatium
318 3116 756 3194 ascenditur,·eonrocarit.
800 3115 901 3179 Venit
920 3116 1031 3179 eadem
1055 3113 1214 3191 Catilina,
1244 3115 1337 3201 eique
1358 3119 1463 3184 nullus

133 3226 264 3281 senator
286 3211 425 3277 assidere
447 3212 566 3287 voluit,
590 3219 626 3274 ut
644 3210 836 3274 Plutarchus
857 3208 967 3271 scribit
989 3229 1061 3291 cap.
1079 3209 1133 3272 16.
1178 3209 1297 3275 Cicero
1318 3211 1350 3276 in
1365 3210 1463 3280 Catil.

133 3308 165 3375 l.
187 3330 262 3391 cap.
285 3310 318 3370 7.
341 3317 373 3370 et
396 3306 442 3370 ll.
468 3325 539 3387 cap.
569 3304 601 3367 6.
633 3302 675 3364 ait
703 3303 865 3386 principes
894 3301 1013 3367 ordinis
1042 3303 1193 3368 senatorii
1223 3316 1346 3388 partem
1375 3307 1462 3370 illam

134 3399 381 3477 subselliorum,
405 3401 445 3462 ad
465 3420 560 3484 quam
580 3397 636 3461 illc
658 3406 853 3471 accesserat,
884 3398 998 3460 nudam
1021 3407 1117 3482 atque
1138 3397 1260 3463 inanem
1283 3401 1462 3486 reliquisse.

136 3500 222 3563 Tuan
244 3496 299 3561 Μ.
321 3494 465 3570 Tullius,
496 3492 626 3568 consul,
656 3489 725 3554 sire
751 3490 963 3573 praesentiam
986 3489 1053 3554 eius
1075 3490 1188 3556 timens
1213 3493 1282 3558 sire
1302 3495 1350 3559 ira
1373 3518 1461 3559 com·

130 3600 240 3657 netas
272 3588 452 3655 orationem
480 3587 591 3650 hahuit
619 3586 811 3649 luculentam
840 3595 934 3668 atque
964 3585 1072 3649 utilem
1093 3585 1141 3649 rei
1162 3587 1328 3670 publicae,
1365 3611 1459 3675 quam

132 3694 250 3771 postea
271 3682 421 3767 scriptam
443 3682 558 3755 edidit3
592 3679 634 3743 ait
654 3678 811 3744 Salustius
838 3700 908 3761 cap.
937 3679 990 3742 31.
1041 3681 1133 3745 Haec
1159 3693 1209 3746 eat
1229 3682 1332 3765 prima
1354 3681 1460 3747 oratio

131 3780 167 3846 is
195 3777 386 3853 Catilinam,
421 3788 455 3840 et
477 3775 611 3858 septima
639 3771 833 3846 consularis;
866 3793 928 3856 qua
956 3770 1125 3838 Catilinam
1154 3775 1274 3851 emisit,
1310 3776 1404 3858 epist.
1429 3778 1460 3840 t.

129 3874 193 3941 lib.
213 3872 264 3939 ll.
285 3875 325 3935 ad
347 3874 421 3936 Att.
460 3868 557 3953 Ego,
587 3867 689 3950 inquit
716 3867 748 3931 in
771 3867 920 3933 Pisonem
943 3887 1015 3951 cap.
1039 3867 1090 3943 9.,
1121 3868 1157 3931 t..
1180 3870 1362 3933 Catilinam
1383 3889 1463 3936 cae·

132 3968 211 4035 dem
235 3975 392 4040 senatus,
424 3965 597 4028 interitum
617 3960 716 4026 Urbis
744 3981 811 4022 non
839 3958 1000 4034 obscure,
1032 3959 1092 4025 sed
1115 3959 1236 4040 palam
1264 3957 1459 4023 molientem

132 4056 254 4145 egredi
271 4078 317 4122 er
337 4055 424 4121 Urbe
445 4057 546 4119 iussi:
567 4061 626 4128 ut,
657 4070 681 4113 a
701 4072 771 4134 qua
799 4048 931 4132 legibus
952 4071 1020 4112 nnn
1039 4059 1257 4130 poteramus,
1283 4047 1457 4112 moenibus

130 4150 203 4213 raet
218 4168 290 4214 csse
310 4166 496 4230 possemus.
536 4142 727 4208 Plutarchus
746 4162 819 4224 cap.
836 4141 909 4205 tu:
936 4141 1052 4206 dicero
1072 4160 1151 4204 eum
1171 4136 1257 4200 Urbe
1278 4138 1370 4200 exire
1390 4139 1460 4202 ius·

130 4242 193 4319 sita
212 4248 372 4321 oportere
392 4240 482 4304 enim
501 4240 587 4303 inter
606 4259 658 4313 se,
679 4238 742 4323 qui
762 4232 886 4308 verbis,
906 4241 938 4297 et
960 4233 1082 4306 iilum,
1104 4229 1167 4310 qui
1184 4227 1288 4328 arenis
1308 4246 1378 4289 rem
1398 4249 1461 4309 pu.

132 4328 265 4395 blicam
289 4337 443 4413 gereret,
477 4349 613 4393 murum
641 4331 804 4392 interesse.
853 4321 988 4388 Catilina
1018 4319 1119 4405 igitur
1147 4326 1242 4379 noete
1271 4325 1460 4402 intempesta

132 4442 206 4489 enta
227 4420 379 4485 trecentis
396 4419 544 4496 armatis,
569 4419 736 4485 lictoribus
759 4429 791 4481 et
811 4416 950 4481 fascibus
966 4411 1088 4496 imperii
1106 4409 1282 4496 insignibus
1299 4409 1459 4488 adhibitis,

136 4538 177 4581 ex
199 4516 291 4583 Urbe
320 4513 354 4579 in
375 4513 531 4578 Malliana
561 4525 664 4579 eastm
689 4512 859 4595 proiectus
889 4521 950 4574 est.
1001 4502 1180 4582 Postridie,
1209 4524 1302 4589 quana
1326 4504 1463 4570 Catilina

134 4609 301 4697 profugit,
325 4607 445 4673 Cicero
469 4607 647 4687 orationem
669 4608 709 4669 ad
728 4605 882 4689 populum
904 4601 1033 4676 habuit,
1061 4620 1154 4684 qnam
1177 4610 1322 4663 octavam
1345 4618 1463 4662 consu·

135 4700 231 4767 larem
253 4710 402 4767 numerat
422 4700 517 4785 epist.
542 4708 573 4767 1.
594 4700 650 4765 lib.
673 4698 722 4764 11.
743 4700 783 4761 ad
805 4700 875 4763 Att.
897 4708 928 4760 et
956 4705 1004 4760 est
1027 4696 1166 4759 secunda
1190 4692 1395 4759 Catilinaria:
1427 4689 1460 4753 in

140 4815 199 4881 qua
225 4806 342 4863 orator
369 4792 692 4882 gratulatur.popnlo
714 4803 747 4858 ct
767 4793 815 4857 rei
834 4788 1000 4876 publicae,
1036 4791 1125 4874 quod
1147 4786 1285 4857 Catilina
1305 4807 1347 4852 ex
1368 4785 1459 4852 Urbe

219 4930 344 4980 mom.
360 4928 444 4978 acm
1106 4892 1128 4956 4
1240 4914 1248 4925 ·
