3218 5310
148 171 189 237 tt
550 173 604 237 Μ.
628 171 790 238 TULLII
812 168 1064 238 CICERONIS

145 312 177 377 in
201 333 311 390 soriam
327 314 492 379 consulatu
504 327 685 397 praeturam
706 313 843 399 gessisse
860 312 1026 391 videatur,
1049 315 1204 398 tempori,
1228 338 1294 402 qno
1311 316 1376 385 ista
1391 320 1472 399 acsi:

144 408 227 491 psit,
258 408 434 471 attribuito.
479 410 554 473 Hoc
577 429 657 492 ergo
681 419 819 484 maneat,
852 406 993 473 Caelium
1021 409 1094 495 lege
1115 412 1244 476 Lutetia
1272 414 1312 478 de
1336 414 1371 478 ri
1391 436 1472 499 pen·

144 514 218 585 pter
238 502 409 567 seditiones
432 502 658 584 Neapolitanas
680 513 712 565 ct
734 501 793 565 alia
815 501 944 565 crimina
968 516 1167 569 accusatum:
1198 509 1237 571 de
1257 506 1471 583 seditionibus

146 595 363 678 Neapolitanis
386 609 416 659 et
438 597 726 661 Alexandrinorum
749 594 926 677 pulsatione
949 596 1125 662 Puteolana
1148 620 1167 662 a
1189 600 1242 664 M.
1265 598 1408 678 Crassoe
1431 604 1470 667 de

146 711 242 768 atrro,
267 692 354 775 quod
375 711 394 754 a
415 689 530 756 Clodia
552 689 739 772 sumpsisse,
767 701 798 752 et
821 709 961 766 veneno,
986 692 1074 774 quod
1095 688 1232 756 eiusdem
1255 691 1392 761 Clodiae
1413 716 1470 765 ns·

51 806 54 815 ·
145 789 263 849 candae
286 806 378 848 causa
401 804 529 864 parasse
551 783 731 856 dicebatur,
760 803 777 844 a
800 783 851 847 M.
874 779 1033 847 Cicerone
1061 785 1125 848 hoc
1151 796 1297 868 tempore
1319 808 1390 852 esse
1414 792 1470 855 de-

144 879 279 943 fensum.
325 878 366 958 Q.
387 877 540 941 Metellus
565 878 677 959 Nepos
700 897 741 938 ex
762 874 928 945 consulatu
949 877 982 940 in
1003 878 1188 961 Hispaniam
1210 880 1379 962 profectus
1399 906 1467 949 earu

143 972 342 1056 prouinciam
365 973 426 1034 boo
449 983 593 1052 tempore
615 991 676 1052 pro
699 970 829 1034 consule
851 970 1038 1044 obtinebas
1064 975 1147 1036 rende
1170 975 1227 1054 τῆς
1243 969 1391 1061 Ἰβηρίας
1412 972 1468 1045 ois-

144 1061 300 1143 θὺπατος
322 1066 531 1131 aPlut'archo
553 1063 585 1127 in
601 1063 742 1128 Caesare
765 1064 962 1128 nominatur:
986 1065 1173 1150 videturque
1196 1089 1237 1131 ex
1251 1068 1408 1153 Hispania
1428 1073 1468 1137 rt

145 1158 335 1224 Ciceronem
356 1159 478 1222 nrisisse
500 1157 665 1239 epistolam
682 1159 713 1222 3.
736 1157 791 1227 lib.
805 1160 852 1221 V.
872 1161 911 1221 ad
926 1160 1033 1235 Fam,
1058 1159 1090 1223 in
1112 1183 1174 1245 qua
1197 1165 1235 1227 de
1256 1163 1466 1231 coniunctio·

143 1253 187 1317 sis
208 1251 416 1317 concionibus
431 1251 537 1319 Clodii
560 1252 689 1315 aedilis¹
712 1252 933 1337 conqueritur.
972 1252 1105 1319 Clodius
1125 1255 1228 1321 frater
1250 1256 1391 1340 Nepotis
1411 1280 1467 1343 ep·

142 1349 280 1431 pellatur
294 1347 385 1423 etiam
401 1346 431 1409 in
449 1356 532 1410 orat.
548 1357 623 1427 post
637 1346 730 1408 redit.
750 1345 782 1409 in
800 1356 911 1410 senatu
929 1369 1000 1429 cap.
1016 1350 1069 1412 10.
1089 1360 1120 1412 et
1134 1371 1196 1432 pro
1212 1352 1309 1414 domo
1325 1372 1399 1435 cap.
1412 1353 1465 1417 27.

143 1463 206 1506 non
228 1452 365 1524 propter
387 1439 583 1515 affinitatem,
610 1451 642 1502 ut
666 1439 765 1523 vulgo
787 1438 975 1522 interpretes
996 1441 1055 1504 sibi
1078 1456 1323 1524 persuaserunt,
1354 1466 1467 1509 nerum

144 1535 215 1619 quia
238 1532 274 1600 ἐν’
289 1531 375 1619 γένει
396 1528 486 1616 αὐτῷ
506 1519 561 1613 ἦν,
583 1543 620 1594 ut
639 1532 705 1596 Dio
728 1534 767 1595 de
789 1533 925 1596 Metello
949 1533 1065 1599 Celere
1086 1535 1147 1611 ait,
1178 1557 1270 1622 quem
1293 1536 1388 1604 ctiam
1410 1536 1467 1605 Ci-

143 1650 219 1693 cero
241 1633 280 1693 de
302 1626 502 1708 haruspicum
525 1627 686 1708 responsis
715 1648 787 1708 cap.
811 1626 863 1690 21.
898 1639 931 1690 et
958 1648 1021 1708 pro
1045 1626 1156 1693 Caelio
1185 1651 1257 1712 cap.
1281 1630 1336 1695 et.
1360 1629 1467 1699 Clodii

141 1723 272 1788 fratrem
295 1722 447 1786 nominat.
485 1721 627 1784 Fuerunt
649 1733 749 1784 autem
772 1720 889 1784 iratres
910 1720 1071 1803 patrueles
1093 1720 1181 1798 aire,
1201 1734 1235 1786 ut
1249 1721 1468 1797 iurisconsulti

143 1828 275 1890 vocant,
310 1813 442 1879 amitini.
492 1812 630 1879 Caecilia
660 1813 741 1877 euim
771 1825 872 1877 mater
900 1812 1010 1879 Clodii
1031 1814 1240 1879 Metellorum
1268 1819 1365 1883 amita
1392 1818 1464 1885 tuit.

142 1911 310 1974 Metellum
326 1911 487 1991 Nepotem
508 1909 572 1972 boc
592 1921 737 1991 tempore
758 1908 789 1972 io
807 1905 960 1990 Hispania
980 1906 1151 1971 decessisse
1173 1930 1309 1992 eumque
1330 1930 1352 1975 a
1371 1910 1465 1981 Cice·

141 2025 222 2069 rone
251 2003 382 2086 intelligi
411 2003 506 2084 epist.
532 2006 562 2066 7.
592 2003 646 2070 lib.
669 2004 734 2066 IV.
762 2003 802 2065 ad
824 2001 897 2063 Att.
929 1998 989 2063 viri
1019 2000 1105 2065 docti
1134 2005 1273 2084 putant?
1318 2005 1465 2088 Quodsi

142 2119 253 2160 verum
276 2107 375 2170 esset,
399 2096 536 2160 Diouem
558 2097 615 2160 lib.
638 2096 809 2159 XXXIX.
832 2116 862 2157 c.
877 2096 948 2169 54..
972 2093 1026 2156 ubi
1048 2115 1098 2157 res
1121 2099 1160 2158 ab
1182 2116 1222 2160 eo
1244 2097 1277 2160 in
1298 2099 1464 2182 provincia

53 2215 63 2227 ·
143 2200 248 2270 gestas
271 2188 421 2270 exponit,
452 2192 748 2271 praetermissurum
770 2188 868 2251 irrisae
892 2209 955 2251 non
978 2187 1132 2252 arbitror.
1176 2190 1279 2256 lmmo
1299 2190 1329 2256 si
1349 2192 1463 2259 iamin

142 2281 296 2363 Hispania
318 2281 429 2363 periit,
454 2295 502 2345 est
524 2285 611 2365 quod
633 2282 774 2348 Pediano
798 2281 931 2364 gratiam
954 2283 1093 2358 reserat,
1118 2283 1173 2368 qui
1193 2285 1280 2348 illum
1304 2299 1463 2353 mortuum

140 2374 171 2438 io
196 2375 290 2436 uitam
311 2373 438 2438 reduxit
460 2387 554 2457 atque
576 2376 605 2437 iu
630 2396 763 2438 numero
787 2396 900 2440 uorem
918 2376 1148 2451 consularium,
1173 2378 1226 2461 qui
1245 2377 1375 2444 biennio
1389 2392 1464 2464 post

143 2468 293 2530 Scatrrum
316 2489 404 2531 reum
420 2470 646 2544 laudaverunt,
672 2470 854 2534 collocavit.
893 2471 1061 2553 Utcunque
1077 2481 1140 2544 est,
1165 2471 1215 2533 M.
1234 2472 1360 2535 Trdlius
1376 2473 1463 2557 quin·

141 2583 205 2646 quc
227 2561 377 2643 epistolas
399 2561 474 2624 libri
496 2563 602 2647 quarti
623 2566 661 2626 ad
685 2566 773 2638 Au„
803 2563 925 2627 scilicet
952 2576 1112 2648 quartam,
1142 2565 1299 2649 quintam,
1327 2579 1459 2647 sextam,

140 2656 302 2738 septimam
325 2667 356 2718 et
380 2666 544 2733 octavam,
569 2658 616 2720 his
638 2657 822 2720 consulibus
845 2657 984 2738 scripsit.
1029 2658 1067 2720 ln
1082 2672 1172 2722 sexta
1189 2659 1328 2739 meminit
1341 2660 1462 2742 episto·

140 2751 191 2813 lae
213 2750 253 2810 ad
275 2748 447 2811 Lucceium
462 2749 600 2827 missae,
630 2762 779 2835 quaeest
803 2751 855 2813 12.
878 2750 935 2814 lib.
959 2755 1005 2817 V.
1029 2754 1067 2815 ad
1089 2753 1221 2830 Fannii„
1253 2776 1333 2840 qua,
1357 2767 1392 2818 ut
1410 2772 1463 2829 ret

141 2866 215 2908 ase
237 2843 269 2907 io
293 2842 460 2906 consulatu
482 2855 588 2926 gestas
610 2846 745 2920 scribat,
776 2867 845 2908 eum
867 2857 976 2930 rogat.
1022 2845 1063 2910 C.
1090 2847 1190 2911 Iulius
1214 2843 1336 2912 Caesar
1364 2848 1461 2933 gestis

139 2940 203 3003 boc
225 2959 307 3002 auno
329 2937 426 3000 rebus
449 2936 526 3013 illis,
554 2960 631 3022 quas
653 2941 710 3003 lib.
733 2939 798 3006 Ill.
822 2940 1116 3005 commentariorum
1138 2941 1344 3025 perscripsit,
1369 2964 1462 3011 exet·

139 3030 266 3115 cituque
284 3032 314 3093 in
330 3031 479 3094 Aulercis
494 3033 728 3118 Lexobiisquc,
752 3034 883 3119 reliquis
903 3035 977 3097 item
993 3034 1193 3112 civitatibus,
1216 3058 1298 3120 quae
1313 3036 1461 3119 proxime

140 3125 256 3188 beilum
276 3124 436 3201 fecerant,
469 3125 499 3187 in
521 3127 660 3190 bibernis
682 3129 844 3193 collocato
872 3129 1034 3192 discedens
1064 3130 1094 3192 in
1118 3129 1238 3193 ltaliam
1260 3131 1372 3194 Lucae
1394 3130 1462 3196 trie-

140 3220 254 3294 mavit3
284 3232 415 3285 auctore
443 3222 620 3286 Plutarcho
650 3222 680 3284 in
711 3222 887 3304 Pompeio,
923 3221 1062 3286 Caesare
1095 3234 1126 3285 et
1156 3221 1309 3287 Catone·
1345 3224 1460 3308 quue

139 3313 327 3396 Pompeium
358 3324 389 3375 et
412 3310 560 3379 Crassum
591 3326 753 3380 extractos
782 3315 953 3397 compulit,
983 3328 1017 3377 ut
1044 3317 1228 3379 detrudendi
1257 3317 1301 3380 L.
1325 3314 1462 3383 Domitii

138 3430 249 3484 carisa,
273 3406 327 3491 qui
348 3407 451 3489 palam
475 3408 649 3474 minabatur
670 3409 832 3473 consulem
855 3430 889 3472 se
912 3409 1116 3487 effecturum,
1141 3411 1229 3494 quod
1251 3420 1385 3492 praetor
1406 3431 1461 3475 ns·

139 3502 277 3587 quisset,
294 3503 583 3585 'adempturumque
600 3502 730 3568 Caesari
745 3501 916 3578 exercitus,
939 3502 1134 3565 consulatum
1149 3503 1282 3566 alterum
1296 3514 1460 3585 peterenta

139 3596 311 3663 Suetonius
331 3594 362 3656 iu
385 3594 468 3658 Iulio
494 3616 565 3678 cap.
590 3598 642 3659 M.
687 3598 735 3661 lta
757 3596 892 3669 iactum,
923 3607 956 3660 ut
979 3593 1159 3672 Domitius,
1190 3596 1246 3681 qui
1272 3608 1324 3662 tot
1345 3616 1458 3675 annos,

138 3703 218 3777 quot
259 3690 412 3762 habebat,
450 3687 484 3750 id
518 3702 584 3764 est,
621 3710 679 3773 per
711 3701 807 3753 totam
840 3689 937 3751 vitam
970 3687 1150 3772 designatus
1183 3688 1299 3753 consul
1333 3690 1457 3767 fuerat,

137 3784 249 3850 consul
277 3782 348 3847 fieri
375 3804 437 3844 non
465 3782 624 3864 potuerit;
658 3780 753 3866 epist.
781 3784 813 3845 8.
846 3781 902 3844 lib.
929 3781 993 3847 lV.
1021 3784 1061 3844 ad
1088 3782 1189 3846 Attic.
1239 3780 1323 3849 Cum
1356 3796 1457 3849 auten

138 3879 312 3963 Pompeius
349 3886 381 3939 et
414 3876 549 3941 Crassus
586 3876 666 3939 iutra
704 3876 876 3960 legitimum
913 3886 1036 3956 tempus
1071 3874 1211 3956 professi
1242 3897 1308 3941 uon
1338 3889 1457 3953 essem,

138 3975 403 4038 effeceruntcum
425 3992 484 4052 per
505 3969 604 4046 alios,
628 3982 692 4032 tum
716 3992 774 4051 per
796 3968 838 4033 C.
856 3968 1012 4033 Catonern
1029 3967 1105 4033 trib.
1123 3971 1230 4052 pleb.,
1255 3991 1295 4034 ne
1315 3991 1359 4036 eo
1377 3991 1458 4036 anno

137 4064 262 4129 comitia
285 4065 494 4137 babereotur3
517 4072 568 4139 ut,
592 4085 662 4126 cum
683 4084 734 4126 res
756 4065 796 4127 ad
816 4061 1199 4147 interregnum'redisset,
1223 4063 1367 4148 legitime
1384 4086 1458 4134 eou-

137 4158 271 4222 aulatum
293 4171 324 4222 et
345 4168 490 4240 peterent
512 4168 542 4220 et
564 4169 779 4240 capesserent.
823 4157 888 4222 Dio
910 4157 967 4219 lib.
991 4156 1162 4220 XXXIX.
1186 4178 1217 4220 c.
1241 4158 1295 4222 27.

176 4318 204 4382 1)
226 4312 297 4381 ,νεὶ
317 4318 409 4386 portus
430 4310 537 4367 Metelli
559 4309 648 4374 tlltos,
677 4329 758 4384 quem
778 4330 841 4366 com
862 4314 952 4386 Appio
972 4327 1000 4364 et
1019 4310 1118 4365 Clodio
1139 4317 1283 4366 coniunxit
1301 4312 1405 4368 Cicero
1424 4310 1456 4367 ael

138 4393 223 4443 dttlc.
243 4388 295 4454 tu,
316 4392 342 4449 5.
372 4405 508 4461 quemque
537 4386 775 4459 improbisslmnm
806 4394 892 4443 clrem
914 4386 998 4440 lnlsse
1027 4405 1061 4440 ex
1085 4385 1190 4441 eisdem
1210 4387 1337 4463 epistolis
1356 4387 1456 4464 μηθ’

75 4475 78 4479 ’
137 4478 192 4519 eet.
230 4462 487 4536 Mastyni-Lsguns
506 4463 577 4536 Epp.
600 4464 658 4516 cte.
679 4482 708 4536 p.
726 4468 790 4520 217.

174 4542 206 4603 2)
223 4536 312 4590 Verba
333 4539 399 4593 haee
418 4555 497 4593 snut:
523 4540 569 4592 De
588 4537 721 4603 Metello,
752 4537 809 4616 οὐχ
830 4536 900 4610 ὁσίη
923 4536 1132 4614 φθιμένοισιν.
1172 4534 1231 4590 Sed
1245 4546 1343 4591 tomen
1361 4538 1457 4592 multis

137 4618 221 4667 mis
243 4617 316 4666 civis
339 4631 418 4665 asmo
443 4623 507 4666 erat
532 4622 673 4677 mortuus,
697 4619 745 4685 qui
764 4652 772 4667 .
792 4652 799 4668 .
820 4653 828 4669 .
847 4651 855 4667 .
876 4650 913 4668 ..
953 4614 1031 4682 Qua'e
1050 4613 1132 4668 verba
1156 4611 1191 4667 nd
1210 4613 1346 4686 eundem,
1373 4629 1455 4688 quen

138 4691 227 4762 tangit
247 4685 308 4742 tin.
328 4688 394 4756 tv.,
412 4692 455 4757 a,
474 4694 612 4763 pertinere
631 4687 761 4745 arbitror.
