<?xml version="1.0" encoding="UTF-8"?>
<!DOCTYPE html PUBLIC "-//W3C//DTD XHTML 1.0 Transitional//EN"
    "http://www.w3.org/TR/xhtml1/DTD/xhtml1-transitional.dtd">
<html xmlns="http://www.w3.org/1999/xhtml" xml:lang="en" lang="en">
 <head>
  <title>
</title>
<meta http-equiv="Content-Type" content="text/html;charset=utf-8" />
  <meta name='ocr-system' content='tesseract 3.04.00' />
  <meta name='ocr-capabilities' content='ocr_page ocr_carea ocr_par ocr_line ocrx_word'/>
</head>
<body>
  <div class='ocr_page' id='page_1' title='image "./operaquaesupers07halmgoog_0022.png"; bbox 0 0 3218 5310; ppageno 0'>
   <div class='ocr_carea' id='block_1_1' title="bbox 630 297 1400 366">
    <p class='ocr_par' dir='ltr' id='par_1_1' title="bbox 630 297 1400 366">
     <span class='ocr_line' id='line_1_1' title="bbox 630 297 1400 366; baseline 0.009 -7"><span class='ocrx_word' id='word_1_1' title='bbox 630 297 867 361; x_wconf 82' lang='lat' dir='ltr'><strong>HISTORIA.</strong></span> <span class='ocrx_word' id='word_1_2' title='bbox 1363 307 1400 366; x_wconf 93' lang='grc'><strong>11</strong></span> 
     </span>
    </p>
   </div>
   <div class='ocr_carea' id='block_1_2' title="bbox 69 436 1406 1456">
    <p class='ocr_par' dir='ltr' id='par_1_2' title="bbox 69 436 1406 1456">
     <span class='ocr_line' id='line_1_2' title="bbox 79 436 1401 521; baseline 0.008 -23"><span class='ocrx_word' id='word_1_3' title='bbox 79 437 135 498; x_wconf 88' lang='grc'><strong>1111.</strong></span> <span class='ocrx_word' id='word_1_4' title='bbox 161 437 190 498; x_wconf 83' lang='grc' dir='ltr'><strong>Ι.</strong></span> <span class='ocrx_word' id='word_1_5' title='bbox 215 458 287 515; x_wconf 88' lang='lat' dir='ltr'><strong>cap.</strong></span> <span class='ocrx_word' id='word_1_6' title='bbox 313 436 365 498; x_wconf 77' lang='lat'><strong>39.</strong></span> <span class='ocrx_word' id='word_1_7' title='bbox 391 438 499 500; x_wconf 80' lang='grc'><strong>11511.</strong></span> <span class='ocrx_word' id='word_1_8' title='bbox 523 459 591 521; x_wconf 89' lang='lat' dir='ltr'><strong>seq.</strong></span> <span class='ocrx_word' id='word_1_9' title='bbox 616 449 647 499; x_wconf 89' lang='lat' dir='ltr'><strong>et</strong></span> <span class='ocrx_word' id='word_1_10' title='bbox 670 438 725 499; x_wconf 83' lang='lat'><strong>11..</strong></span> <span class='ocrx_word' id='word_1_11' title='bbox 741 461 812 519; x_wconf 90' lang='lat' dir='ltr'><strong>eap.</strong></span> <span class='ocrx_word' id='word_1_12' title='bbox 843 438 895 500; x_wconf 77' lang='lat'><strong>32.</strong></span> <span class='ocrx_word' id='word_1_13' title='bbox 928 443 965 500; x_wconf 87' lang='lat' dir='ltr'><strong>de</strong></span> <span class='ocrx_word' id='word_1_14' title='bbox 995 440 1156 515; x_wconf 80' lang='lat' dir='ltr'><strong>Oratore,</strong></span> <span class='ocrx_word' id='word_1_15' title='bbox 1191 453 1223 503; x_wconf 92' lang='lat' dir='ltr'><strong>et</strong></span> <span class='ocrx_word' id='word_1_16' title='bbox 1246 442 1276 504; x_wconf 90' lang='lat' dir='ltr'><strong>in</strong></span> <span class='ocrx_word' id='word_1_17' title='bbox 1299 445 1401 509; x_wconf 88' lang='lat' dir='ltr'><strong>Bruto</strong></span> 
     </span>
     <span class='ocr_line' id='line_1_3' title="bbox 78 529 1401 617; baseline 0.008 -27"><span class='ocrx_word' id='word_1_18' title='bbox 78 552 151 609; x_wconf 88' lang='lat' dir='ltr'><strong>cap.</strong></span> <span class='ocrx_word' id='word_1_19' title='bbox 176 531 228 592; x_wconf 67' lang='lat' dir='ltr'><strong>ab.</strong></span> <span class='ocrx_word' id='word_1_20' title='bbox 255 541 285 590; x_wconf 88' lang='lat' dir='ltr'><strong>et</strong></span> <span class='ocrx_word' id='word_1_21' title='bbox 308 529 381 603; x_wconf 65' lang='lat'><strong>52„</strong></span> <span class='ocrx_word' id='word_1_22' title='bbox 414 532 494 592; x_wconf 79' lang='lat' dir='ltr'><strong>trude</strong></span> <span class='ocrx_word' id='word_1_23' title='bbox 523 554 645 592; x_wconf 90' lang='lat' dir='ltr'><strong>causam</strong></span> <span class='ocrx_word' id='word_1_24' title='bbox 669 532 761 593; x_wconf 89' lang='lat' dir='ltr'><strong>talem</strong></span> <span class='ocrx_word' id='word_1_25' title='bbox 785 530 880 594; x_wconf 82' lang='lat' dir='ltr'><strong>fuisse</strong></span> <span class='ocrx_word' id='word_1_26' title='bbox 903 535 1144 614; x_wconf 77' lang='lat' dir='ltr'>cognoscimus:</span> <span class='ocrx_word' id='word_1_27' title='bbox 1181 535 1350 617; x_wconf 83' lang='lat' dir='ltr'><strong>Coponius</strong></span> <span class='ocrx_word' id='word_1_28' title='bbox 1372 539 1401 600; x_wconf 94' lang='lat' dir='ltr'><strong>iu</strong></span> 
     </span>
     <span class='ocr_line' id='line_1_4' title="bbox 79 625 1403 711; baseline 0.005 -27"><span class='ocrx_word' id='word_1_29' title='bbox 79 634 267 685; x_wconf 86' lang='lat' dir='ltr'><strong>testamento</strong></span> <span class='ocrx_word' id='word_1_30' title='bbox 296 635 474 703; x_wconf 87' lang='lat' dir='ltr'><strong>postuuurm</strong></span> <span class='ocrx_word' id='word_1_31' title='bbox 505 625 650 687; x_wconf 88' lang='lat' dir='ltr'><strong>heredem</strong></span> <span class='ocrx_word' id='word_1_32' title='bbox 681 625 871 705; x_wconf 77' lang='lat' dir='ltr'>scripserat:</span> <span class='ocrx_word' id='word_1_33' title='bbox 903 625 1012 706; x_wconf 87' lang='lat' dir='ltr'><strong>eique,</strong></span> <span class='ocrx_word' id='word_1_34' title='bbox 1043 627 1069 688; x_wconf 90' lang='lat' dir='ltr'><strong>si</strong></span> <span class='ocrx_word' id='word_1_35' title='bbox 1097 639 1262 711; x_wconf 86' lang='lat' dir='ltr'><strong>antequam</strong></span> <span class='ocrx_word' id='word_1_36' title='bbox 1293 630 1322 691; x_wconf 91' lang='lat' dir='ltr'><strong>iu</strong></span> <span class='ocrx_word' id='word_1_37' title='bbox 1354 642 1403 691; x_wconf 93' lang='lat' dir='ltr'><strong>tu-</strong></span> 
     </span>
     <span class='ocr_line' id='line_1_5' title="bbox 79 715 1402 797; baseline 0.005 -19"><span class='ocrx_word' id='word_1_38' title='bbox 79 717 172 778; x_wconf 82' lang='lat' dir='ltr'><strong>telam</strong></span> <span class='ocrx_word' id='word_1_39' title='bbox 196 736 281 777; x_wconf 88' lang='lat' dir='ltr'><strong>suam</strong></span> <span class='ocrx_word' id='word_1_40' title='bbox 305 715 447 791; x_wconf 88' lang='lat' dir='ltr'><strong>veniret,</strong></span> <span class='ocrx_word' id='word_1_41' title='bbox 473 731 615 780; x_wconf 82' lang='lat' dir='ltr'><strong>rtrortuus</strong></span> <span class='ocrx_word' id='word_1_42' title='bbox 637 730 738 791; x_wconf 90' lang='lat' dir='ltr'><strong>essct,</strong></span> <span class='ocrx_word' id='word_1_43' title='bbox 764 718 906 780; x_wconf 85' lang='lat' dir='ltr'><strong>Manium</strong></span> <span class='ocrx_word' id='word_1_44' title='bbox 930 718 1062 782; x_wconf 90' lang='lat' dir='ltr'><strong>Curium</strong></span> <span class='ocrx_word' id='word_1_45' title='bbox 1087 723 1309 797; x_wconf 88' lang='lat' dir='ltr'><strong>substituerat;</strong></span> <span class='ocrx_word' id='word_1_46' title='bbox 1333 745 1402 784; x_wconf 93' lang='lat' dir='ltr'><strong>enm</strong></span> 
     </span>
     <span class='ocr_line' id='line_1_6' title="bbox 78 811 1404 895; baseline 0.005 -23"><span class='ocrx_word' id='word_1_47' title='bbox 78 821 245 890; x_wconf 80' lang='lat' dir='ltr'><strong>postumus</strong></span> <span class='ocrx_word' id='word_1_48' title='bbox 275 821 367 869; x_wconf 88' lang='lat' dir='ltr'><strong>natus</strong></span> <span class='ocrx_word' id='word_1_49' title='bbox 393 830 457 871; x_wconf 90' lang='lat' dir='ltr'><strong>nou</strong></span> <span class='ocrx_word' id='word_1_50' title='bbox 486 823 587 884; x_wconf 89' lang='lat' dir='ltr'><strong>esset,</strong></span> <span class='ocrx_word' id='word_1_51' title='bbox 613 813 664 874; x_wconf 84' lang='lat' dir='ltr'><strong>bl.</strong></span> <span class='ocrx_word' id='word_1_52' title='bbox 693 811 859 891; x_wconf 87' lang='lat' dir='ltr'><strong>Coponius</strong></span> <span class='ocrx_word' id='word_1_53' title='bbox 885 813 978 875; x_wconf 91' lang='lat' dir='ltr'><strong>heres</strong></span> <span class='ocrx_word' id='word_1_54' title='bbox 1003 812 1162 895; x_wconf 86' lang='lat' dir='ltr'><strong>legitimus</strong></span> <span class='ocrx_word' id='word_1_55' title='bbox 1190 818 1286 878; x_wconf 87' lang='lat' dir='ltr'><strong>adse</strong></span> <span class='ocrx_word' id='word_1_56' title='bbox 1313 818 1404 880; x_wconf 82' lang='lat' dir='ltr'><strong>bere·</strong></span> 
     </span>
     <span class='ocr_line' id='line_1_7' title="bbox 80 902 1400 990; baseline 0.005 -26"><span class='ocrx_word' id='word_1_57' title='bbox 80 904 205 965; x_wconf 87' lang='lat' dir='ltr'><strong>ditatcm</strong></span> <span class='ocrx_word' id='word_1_58' title='bbox 238 902 398 984; x_wconf 73' lang='lat' dir='ltr'><strong>portinere</strong></span> <span class='ocrx_word' id='word_1_59' title='bbox 428 905 604 985; x_wconf 77' lang='lat' dir='ltr'><strong>contendit,</strong></span> <span class='ocrx_word' id='word_1_60' title='bbox 640 904 831 988; x_wconf 79' lang='lat' dir='ltr'><strong>negavitque</strong></span> <span class='ocrx_word' id='word_1_61' title='bbox 868 905 1022 968; x_wconf 78' lang='lat' dir='ltr'><strong>Scaevola</strong></span> <span class='ocrx_word' id='word_1_62' title='bbox 1058 904 1199 986; x_wconf 85' lang='lat' dir='ltr'><strong>Coponii</strong></span> <span class='ocrx_word' id='word_1_63' title='bbox 1229 922 1400 990; x_wconf 90' lang='lat' dir='ltr'><strong>patronus,</strong></span> 
     </span>
     <span class='ocr_line' id='line_1_8' title="bbox 79 996 1401 1080; baseline 0.005 -21"><span class='ocrx_word' id='word_1_64' title='bbox 79 996 137 1059; x_wconf 85' lang='lat' dir='ltr'><strong>nisi</strong></span> <span class='ocrx_word' id='word_1_65' title='bbox 149 1007 316 1077; x_wconf 79' lang='lat' dir='ltr'><strong>postumus</strong></span> <span class='ocrx_word' id='word_1_66' title='bbox 329 1007 360 1058; x_wconf 88' lang='lat' dir='ltr'><strong>et</strong></span> <span class='ocrx_word' id='word_1_67' title='bbox 373 1008 462 1059; x_wconf 88' lang='lat' dir='ltr'><strong>uatus</strong></span> <span class='ocrx_word' id='word_1_68' title='bbox 475 1010 505 1060; x_wconf 92' lang='lat' dir='ltr'><strong>et</strong></span> <span class='ocrx_word' id='word_1_69' title='bbox 523 1013 685 1080; x_wconf 88' lang='lat' dir='ltr'><strong>antequam</strong></span> <span class='ocrx_word' id='word_1_70' title='bbox 705 997 734 1058; x_wconf 92' lang='lat' dir='ltr'><strong>in</strong></span> <span class='ocrx_word' id='word_1_71' title='bbox 751 1019 837 1060; x_wconf 81' lang='lat' dir='ltr'><strong>suain</strong></span> <span class='ocrx_word' id='word_1_72' title='bbox 852 998 979 1060; x_wconf 84' lang='lat' dir='ltr'><strong>tutelam</strong></span> <span class='ocrx_word' id='word_1_73' title='bbox 996 997 1131 1075; x_wconf 90' lang='lat' dir='ltr'><strong>veniret,</strong></span> <span class='ocrx_word' id='word_1_74' title='bbox 1150 1012 1231 1063; x_wconf 85' lang='lat' dir='ltr'><strong>esset</strong></span> <span class='ocrx_word' id='word_1_75' title='bbox 1247 1016 1401 1080; x_wconf 87' lang='lat' dir='ltr'><strong>mortuus,</strong></span> 
     </span>
     <span class='ocr_line' id='line_1_9' title="bbox 78 1090 1406 1175; baseline 0.008 -25"><span class='ocrx_word' id='word_1_76' title='bbox 78 1090 229 1151; x_wconf 87' lang='lat' dir='ltr'><strong>heredem</strong></span> <span class='ocrx_word' id='word_1_77' title='bbox 253 1110 323 1151; x_wconf 85' lang='lat' dir='ltr'><strong>cum</strong></span> <span class='ocrx_word' id='word_1_78' title='bbox 354 1112 422 1153; x_wconf 87' lang='lat' dir='ltr'><strong>esse</strong></span> <span class='ocrx_word' id='word_1_79' title='bbox 449 1112 565 1172; x_wconf 88' lang='lat' dir='ltr'><strong>posse,</strong></span> <span class='ocrx_word' id='word_1_80' title='bbox 589 1092 643 1175; x_wconf 93' lang='lat' dir='ltr'><strong>qui</strong></span> <span class='ocrx_word' id='word_1_81' title='bbox 665 1104 814 1173; x_wconf 88' lang='lat' dir='ltr'><strong>postumo</strong></span> <span class='ocrx_word' id='word_1_82' title='bbox 843 1105 874 1154; x_wconf 88' lang='lat' dir='ltr'><strong>et</strong></span> <span class='ocrx_word' id='word_1_83' title='bbox 900 1106 973 1156; x_wconf 88' lang='lat' dir='ltr'><strong>nato</strong></span> <span class='ocrx_word' id='word_1_84' title='bbox 1003 1105 1034 1154; x_wconf 87' lang='lat' dir='ltr'><strong>et</strong></span> <span class='ocrx_word' id='word_1_85' title='bbox 1062 1106 1189 1159; x_wconf 91' lang='lat' dir='ltr'><strong>mortuo</strong></span> <span class='ocrx_word' id='word_1_86' title='bbox 1218 1109 1302 1158; x_wconf 90' lang='lat' dir='ltr'><strong>esset</strong></span> <span class='ocrx_word' id='word_1_87' title='bbox 1332 1101 1406 1160; x_wconf 90' lang='lat' dir='ltr'><strong>sub·</strong></span> 
     </span>
     <span class='ocr_line' id='line_1_10' title="bbox 69 1182 1404 1268; baseline 0.007 -23"><span class='ocrx_word' id='word_1_88' title='bbox 69 1183 219 1253; x_wconf 72' lang='lat' dir='ltr'><strong>stitutus.</strong></span> <span class='ocrx_word' id='word_1_89' title='bbox 265 1182 419 1258; x_wconf 82' lang='lat' dir='ltr'><strong>Crassus,</strong></span> <span class='ocrx_word' id='word_1_90' title='bbox 444 1186 498 1268; x_wconf 90' lang='lat' dir='ltr'><strong>qui</strong></span> <span class='ocrx_word' id='word_1_91' title='bbox 522 1185 654 1250; x_wconf 90' lang='lat' dir='ltr'><strong>Curium</strong></span> <span class='ocrx_word' id='word_1_92' title='bbox 690 1187 896 1262; x_wconf 81' lang='lat' dir='ltr'><strong>defendebat,</strong></span> <span class='ocrx_word' id='word_1_93' title='bbox 922 1187 1102 1258; x_wconf 77' lang='lat' dir='ltr'><strong>contendit,</strong></span> <span class='ocrx_word' id='word_1_94' title='bbox 1126 1198 1310 1253; x_wconf 80' lang='lat' dir='ltr'><strong>testatorem</strong></span> <span class='ocrx_word' id='word_1_95' title='bbox 1344 1195 1404 1254; x_wconf 87' lang='lat' dir='ltr'><strong>hae</strong></span> 
     </span>
     <span class='ocr_line' id='line_1_11' title="bbox 80 1276 1405 1362; baseline 0.011 -26"><span class='ocrx_word' id='word_1_96' title='bbox 80 1287 184 1338; x_wconf 83' lang='lat' dir='ltr'><strong>ruente</strong></span> <span class='ocrx_word' id='word_1_97' title='bbox 204 1276 321 1355; x_wconf 84' lang='lat' dir='ltr'><strong>luisse,</strong></span> <span class='ocrx_word' id='word_1_98' title='bbox 347 1292 380 1341; x_wconf 94' lang='lat' dir='ltr'><strong>ut</strong></span> <span class='ocrx_word' id='word_1_99' title='bbox 402 1280 427 1341; x_wconf 93' lang='lat' dir='ltr'><strong>si</strong></span> <span class='ocrx_word' id='word_1_100' title='bbox 449 1280 533 1341; x_wconf 84' lang='lat' dir='ltr'><strong>filius</strong></span> <span class='ocrx_word' id='word_1_101' title='bbox 554 1302 618 1343; x_wconf 90' lang='lat' dir='ltr'><strong>uon</strong></span> <span class='ocrx_word' id='word_1_102' title='bbox 643 1293 742 1353; x_wconf 87' lang='lat' dir='ltr'><strong>esset,</strong></span> <span class='ocrx_word' id='word_1_103' title='bbox 768 1279 821 1362; x_wconf 92' lang='lat' dir='ltr'><strong>qui</strong></span> <span class='ocrx_word' id='word_1_104' title='bbox 840 1281 871 1342; x_wconf 93' lang='lat' dir='ltr'><strong>iu</strong></span> <span class='ocrx_word' id='word_1_105' title='bbox 891 1282 1018 1343; x_wconf 89' lang='lat' dir='ltr'><strong>tutelam</strong></span> <span class='ocrx_word' id='word_1_106' title='bbox 1043 1281 1184 1360; x_wconf 88' lang='lat' dir='ltr'><strong>veniret,</strong></span> <span class='ocrx_word' id='word_1_107' title='bbox 1210 1283 1327 1349; x_wconf 89' lang='lat' dir='ltr'><strong>Curius</strong></span> <span class='ocrx_word' id='word_1_108' title='bbox 1348 1288 1405 1350; x_wconf 88' lang='lat' dir='ltr'><strong>he-</strong></span> 
     </span>
     <span class='ocr_line' id='line_1_12' title="bbox 78 1371 896 1456; baseline 0.006 -25"><span class='ocrx_word' id='word_1_109' title='bbox 78 1390 130 1434; x_wconf 90' lang='lat' dir='ltr'><strong>res</strong></span> <span class='ocrx_word' id='word_1_110' title='bbox 152 1384 257 1447; x_wconf 88' lang='lat' dir='ltr'><strong>esset,</strong></span> <span class='ocrx_word' id='word_1_111' title='bbox 280 1371 375 1456; x_wconf 91' lang='lat' dir='ltr'><strong>idque</strong></span> <span class='ocrx_word' id='word_1_112' title='bbox 399 1375 544 1436; x_wconf 86' lang='lat' dir='ltr'><strong>omuibus</strong></span> <span class='ocrx_word' id='word_1_113' title='bbox 567 1376 729 1456; x_wconf 84' lang='lat' dir='ltr'><strong>probarit.</strong></span> <span class='ocrx_word' id='word_1_114' title='bbox 894 1384 896 1389; x_wconf 85' lang='lat'>&#39;</span> 
     </span>
    </p>
   </div>
   <div class='ocr_carea' id='block_1_3' title="bbox 126 1610 1350 1854">
    <p class='ocr_par' dir='ltr' id='par_1_3' title="bbox 126 1610 1350 1854">
     <span class='ocr_line' id='line_1_13' title="bbox 253 1610 1227 1699; baseline 0.004 -19"><span class='ocrx_word' id='word_1_115' title='bbox 253 1610 346 1680; x_wconf 80' lang='lat' dir='ltr'><strong>Anno</strong></span> <span class='ocrx_word' id='word_1_116' title='bbox 373 1616 470 1682; x_wconf 86' lang='lat' dir='ltr'><strong>Urbis</strong></span> <span class='ocrx_word' id='word_1_117' title='bbox 491 1619 652 1682; x_wconf 64' lang='lat' dir='ltr'><strong>netuli.</strong></span> <span class='ocrx_word' id='word_1_118' title='bbox 675 1620 843 1683; x_wconf 82' lang='lat' dir='ltr'><strong>Ciceronis</strong></span> <span class='ocrx_word' id='word_1_119' title='bbox 865 1618 956 1681; x_wconf 78' lang='lat' dir='ltr'><strong>XVI.</strong></span> <span class='ocrx_word' id='word_1_120' title='bbox 977 1639 1062 1682; x_wconf 86' lang='lat' dir='ltr'><strong>coss.</strong></span> <span class='ocrx_word' id='word_1_121' title='bbox 1079 1620 1227 1699; x_wconf 85' lang='lat' dir='ltr'><strong>fuerunt</strong></span> 
     </span>
     <span class='ocr_line' id='line_1_14' title="bbox 126 1755 1350 1854; baseline 0.007 -27"><span class='ocrx_word' id='word_1_122' title='bbox 126 1755 172 1827; x_wconf 83' lang='lat' dir='ltr'><strong>L.</strong></span> <span class='ocrx_word' id='word_1_123' title='bbox 202 1756 421 1833; x_wconf 81' lang='lat' dir='ltr'><strong>MARCIUS</strong></span> <span class='ocrx_word' id='word_1_124' title='bbox 451 1759 747 1854; x_wconf 87' lang='lat' dir='ltr'><strong>PHILIPPUS,</strong></span> <span class='ocrx_word' id='word_1_125' title='bbox 782 1757 890 1833; x_wconf 84' lang='lat' dir='ltr'><strong>SEX.</strong></span> <span class='ocrx_word' id='word_1_126' title='bbox 933 1759 1100 1835; x_wconf 84' lang='lat' dir='ltr'>IULIUS</span> <span class='ocrx_word' id='word_1_127' title='bbox 1145 1761 1350 1838; x_wconf 78' lang='lat' dir='ltr'><strong>CAESAR.</strong></span> 
     </span>
    </p>
   </div>
   <div class='ocr_carea' id='block_1_4' title="bbox 75 1912 1460 2646">
    <p class='ocr_par' dir='ltr' id='par_1_4' title="bbox 75 1912 1460 2646">
     <span class='ocr_line' id='line_1_15' title="bbox 162 1912 1460 2002; baseline 0.008 -30"><span class='ocrx_word' id='word_1_128' title='bbox 162 1912 205 1973; x_wconf 93' lang='lat' dir='ltr'><strong>L.</strong></span> <span class='ocrx_word' id='word_1_129' title='bbox 230 1912 397 1994; x_wconf 86' lang='lat' dir='ltr'><strong>Philippus</strong></span> <span class='ocrx_word' id='word_1_130' title='bbox 420 1913 445 1976; x_wconf 90' lang='lat' dir='ltr'><strong>is</strong></span> <span class='ocrx_word' id='word_1_131' title='bbox 468 1927 533 1989; x_wconf 87' lang='lat' dir='ltr'><strong>est,</strong></span> <span class='ocrx_word' id='word_1_132' title='bbox 558 1937 689 1998; x_wconf 86' lang='lat' dir='ltr'><strong>quemn</strong></span> <span class='ocrx_word' id='word_1_133' title='bbox 723 1916 775 1976; x_wconf 83' lang='lat' dir='ltr'><strong>M.</strong></span> <span class='ocrx_word' id='word_1_134' title='bbox 804 1913 967 1975; x_wconf 91' lang='lat' dir='ltr'><strong>Herennio</strong></span> <span class='ocrx_word' id='word_1_135' title='bbox 990 1914 1078 1995; x_wconf 91' lang='lat' dir='ltr'><strong>prius</strong></span> <span class='ocrx_word' id='word_1_136' title='bbox 1101 1929 1281 1995; x_wconf 89' lang='lat' dir='ltr'><strong>superatum</strong></span> <span class='ocrx_word' id='word_1_137' title='bbox 1304 1918 1402 1982; x_wconf 83' lang='lat' dir='ltr'><strong>luisse</strong></span> <span class='ocrx_word' id='word_1_138' title='bbox 1453 1978 1460 2002; x_wconf 65' lang='lat'>‚</span> 
     </span>
     <span class='ocr_line' id='line_1_16' title="bbox 75 2004 1403 2092; baseline 0.006 -27"><span class='ocrx_word' id='word_1_139' title='bbox 75 2004 226 2068; x_wconf 79' lang='lat' dir='ltr'><strong>diximus.</strong></span> <span class='ocrx_word' id='word_1_140' title='bbox 271 2008 321 2070; x_wconf 90' lang='lat' dir='ltr'><strong>De</strong></span> <span class='ocrx_word' id='word_1_141' title='bbox 344 2011 455 2071; x_wconf 87' lang='lat' dir='ltr'><strong>codem</strong></span> <span class='ocrx_word' id='word_1_142' title='bbox 479 2008 597 2072; x_wconf 91' lang='lat' dir='ltr'><strong>Cicero</strong></span> <span class='ocrx_word' id='word_1_143' title='bbox 621 2010 676 2073; x_wconf 91' lang='lat' dir='ltr'><strong>lib.</strong></span> <span class='ocrx_word' id='word_1_144' title='bbox 697 2008 744 2070; x_wconf 92' lang='lat' dir='ltr'><strong>ll.</strong></span> <span class='ocrx_word' id='word_1_145' title='bbox 769 2028 840 2086; x_wconf 88' lang='lat' dir='ltr'><strong>cap.</strong></span> <span class='ocrx_word' id='word_1_146' title='bbox 866 2012 917 2068; x_wconf 78' lang='grc'><strong>17.</strong></span> <span class='ocrx_word' id='word_1_147' title='bbox 942 2010 979 2068; x_wconf 92' lang='lat' dir='ltr'><strong>de</strong></span> <span class='ocrx_word' id='word_1_148' title='bbox 1004 2007 1144 2071; x_wconf 88' lang='lat' dir='ltr'><strong>Officiis:</strong></span> <span class='ocrx_word' id='word_1_149' title='bbox 1171 2008 1206 2075; x_wconf 86' lang='lat' dir='ltr'><strong>L.</strong></span> <span class='ocrx_word' id='word_1_150' title='bbox 1228 2013 1403 2092; x_wconf 79' lang='lat' dir='ltr'><strong>Philippus</strong></span> 
     </span>
     <span class='ocr_line' id='line_1_17' title="bbox 81 2099 1403 2184; baseline 0.002 -21"><span class='ocrx_word' id='word_1_151' title='bbox 81 2104 120 2180; x_wconf 76' lang='grc'><strong>(1.</strong></span> <span class='ocrx_word' id='word_1_152' title='bbox 150 2102 187 2163; x_wconf 77' lang='lat' dir='ltr'><strong>F.</strong></span> <span class='ocrx_word' id='word_1_153' title='bbox 215 2120 341 2179; x_wconf 80' lang='lat' dir='ltr'><strong>magne</strong></span> <span class='ocrx_word' id='word_1_154' title='bbox 364 2105 413 2162; x_wconf 82' lang='lat' dir='ltr'><strong>vir</strong></span> <span class='ocrx_word' id='word_1_155' title='bbox 439 2106 595 2184; x_wconf 82' lang='lat' dir='ltr'><strong>ingenio,</strong></span> <span class='ocrx_word' id='word_1_156' title='bbox 618 2103 836 2184; x_wconf 78' lang='lat' dir='ltr'><strong>inprimisque</strong></span> <span class='ocrx_word' id='word_1_157' title='bbox 865 2100 1004 2176; x_wconf 82' lang='lat' dir='ltr'><strong>clamas,</strong></span> <span class='ocrx_word' id='word_1_158' title='bbox 1028 2102 1178 2182; x_wconf 82' lang='lat' dir='ltr'><strong>gloriari</strong></span> <span class='ocrx_word' id='word_1_159' title='bbox 1197 2099 1347 2173; x_wconf 82' lang='lat' dir='ltr'><strong>solebat,</strong></span> <span class='ocrx_word' id='word_1_160' title='bbox 1369 2123 1403 2165; x_wconf 87' lang='lat' dir='ltr'><strong>se</strong></span> 
     </span>
     <span class='ocr_line' id='line_1_18' title="bbox 76 2188 1403 2272; baseline 0.003 -22"><span class='ocrx_word' id='word_1_161' title='bbox 76 2193 147 2254; x_wconf 85' lang='lat' dir='ltr'><strong>sine</strong></span> <span class='ocrx_word' id='word_1_162' title='bbox 168 2188 243 2250; x_wconf 88' lang='lat' dir='ltr'><strong>ullo</strong></span> <span class='ocrx_word' id='word_1_163' title='bbox 264 2211 398 2254; x_wconf 82' lang='lat' dir='ltr'><strong>rrrrrnere</strong></span> <span class='ocrx_word' id='word_1_164' title='bbox 420 2191 579 2272; x_wconf 80' lang='lat' dir='ltr'><strong>adeptum</strong></span> <span class='ocrx_word' id='word_1_165' title='bbox 602 2214 670 2259; x_wconf 84' lang='lat' dir='ltr'><strong>esse</strong></span> <span class='ocrx_word' id='word_1_166' title='bbox 695 2193 833 2265; x_wconf 82' lang='lat' dir='ltr'><strong>omniu,</strong></span> <span class='ocrx_word' id='word_1_167' title='bbox 851 2209 939 2272; x_wconf 74' lang='lat' dir='ltr'><strong>quaec</strong></span> <span class='ocrx_word' id='word_1_168' title='bbox 956 2188 1157 2253; x_wconf 85' lang='lat' dir='ltr'><strong>haberentur</strong></span> <span class='ocrx_word' id='word_1_169' title='bbox 1179 2192 1403 2269; x_wconf 84' lang='lat' dir='ltr'><strong>amplissima.</strong></span> 
     </span>
     <span class='ocr_line' id='line_1_19' title="bbox 78 2278 1401 2364; baseline 0.001 -23"><span class='ocrx_word' id='word_1_170' title='bbox 78 2280 142 2342; x_wconf 88' lang='lat' dir='ltr'><strong>Hie</strong></span> <span class='ocrx_word' id='word_1_171' title='bbox 164 2300 262 2340; x_wconf 78' lang='lat' dir='ltr'><strong>ararim</strong></span> <span class='ocrx_word' id='word_1_172' title='bbox 285 2281 422 2342; x_wconf 87' lang='lat' dir='ltr'><strong>dcciruus</strong></span> <span class='ocrx_word' id='word_1_173' title='bbox 444 2294 553 2345; x_wconf 86' lang='lat' dir='ltr'><strong>sextus</strong></span> <span class='ocrx_word' id='word_1_174' title='bbox 576 2284 726 2345; x_wconf 89' lang='lat' dir='ltr'><strong>terminus</strong></span> <span class='ocrx_word' id='word_1_175' title='bbox 750 2292 796 2341; x_wconf 90' lang='lat' dir='ltr'><strong>cst</strong></span> <span class='ocrx_word' id='word_1_176' title='bbox 820 2279 972 2358; x_wconf 91' lang='lat' dir='ltr'><strong>pueritiae</strong></span> <span class='ocrx_word' id='word_1_177' title='bbox 998 2278 1182 2353; x_wconf 89' lang='lat' dir='ltr'><strong>Ciceronis,</strong></span> <span class='ocrx_word' id='word_1_178' title='bbox 1208 2281 1237 2341; x_wconf 91' lang='lat' dir='ltr'><strong>in</strong></span> <span class='ocrx_word' id='word_1_179' title='bbox 1262 2303 1341 2364; x_wconf 91' lang='lat' dir='ltr'><strong>qua,</strong></span> <span class='ocrx_word' id='word_1_180' title='bbox 1368 2294 1401 2342; x_wconf 90' lang='lat' dir='ltr'><strong>ut</strong></span> 
     </span>
     <span class='ocr_line' id='line_1_20' title="bbox 78 2372 1402 2454; baseline -0.002 -17"><span class='ocrx_word' id='word_1_181' title='bbox 78 2374 272 2437; x_wconf 90' lang='lat' dir='ltr'><strong>Plutarchus</strong></span> <span class='ocrx_word' id='word_1_182' title='bbox 302 2395 331 2434; x_wconf 86' lang='lat' dir='ltr'><strong>e.</strong></span> <span class='ocrx_word' id='word_1_183' title='bbox 357 2375 387 2435; x_wconf 75' lang='lat'><strong>9.</strong></span> <span class='ocrx_word' id='word_1_184' title='bbox 418 2377 545 2449; x_wconf 84' lang='lat' dir='ltr'><strong>scribit,</strong></span> <span class='ocrx_word' id='word_1_185' title='bbox 577 2400 646 2438; x_wconf 92' lang='lat' dir='ltr'><strong>cum</strong></span> <span class='ocrx_word' id='word_1_186' title='bbox 670 2396 721 2437; x_wconf 86' lang='lat' dir='ltr'><strong>eas</strong></span> <span class='ocrx_word' id='word_1_187' title='bbox 745 2387 847 2444; x_wconf 87' lang='lat' dir='ltr'><strong>artes,</strong></span> <span class='ocrx_word' id='word_1_188' title='bbox 883 2372 997 2453; x_wconf 90' lang='lat' dir='ltr'><strong>quibus</strong></span> <span class='ocrx_word' id='word_1_189' title='bbox 1021 2385 1105 2435; x_wconf 90' lang='lat' dir='ltr'><strong>aetas</strong></span> <span class='ocrx_word' id='word_1_190' title='bbox 1129 2373 1259 2454; x_wconf 89' lang='lat' dir='ltr'><strong>puerilis</strong></span> <span class='ocrx_word' id='word_1_191' title='bbox 1283 2376 1322 2435; x_wconf 86' lang='lat' dir='ltr'><strong>nd</strong></span> <span class='ocrx_word' id='word_1_192' title='bbox 1344 2376 1402 2435; x_wconf 94' lang='lat' dir='ltr'><strong>hu·</strong></span> 
     </span>
     <span class='ocr_line' id='line_1_21' title="bbox 79 2466 1401 2549; baseline 0 -21"><span class='ocrx_word' id='word_1_193' title='bbox 79 2467 258 2529; x_wconf 89' lang='lat' dir='ltr'><strong>manitatem</strong></span> <span class='ocrx_word' id='word_1_194' title='bbox 283 2468 448 2530; x_wconf 74' lang='lat' dir='ltr'><strong>informari</strong></span> <span class='ocrx_word' id='word_1_195' title='bbox 470 2472 569 2542; x_wconf 89' lang='lat' dir='ltr'><strong>solet,</strong></span> <span class='ocrx_word' id='word_1_196' title='bbox 602 2471 754 2541; x_wconf 85' lang='lat' dir='ltr'><strong>disceret,</strong></span> <span class='ocrx_word' id='word_1_197' title='bbox 780 2466 938 2549; x_wconf 72' lang='lat' dir='ltr'><strong>ingenium</strong></span> <span class='ocrx_word' id='word_1_198' title='bbox 964 2466 1028 2526; x_wconf 85' lang='lat' dir='ltr'><strong>eius</strong></span> <span class='ocrx_word' id='word_1_199' title='bbox 1052 2469 1091 2528; x_wconf 89' lang='lat' dir='ltr'><strong>ita</strong></span> <span class='ocrx_word' id='word_1_200' title='bbox 1118 2466 1233 2541; x_wconf 84' lang='lat' dir='ltr'><strong>eluxit,</strong></span> <span class='ocrx_word' id='word_1_201' title='bbox 1266 2479 1401 2529; x_wconf 89' lang='lat' dir='ltr'><strong>tautum-</strong></span> 
     </span>
     <span class='ocr_line' id='line_1_22' title="bbox 78 2559 1403 2646; baseline 0 -25"><span class='ocrx_word' id='word_1_202' title='bbox 78 2582 141 2644; x_wconf 91' lang='lat' dir='ltr'><strong>que</strong></span> <span class='ocrx_word' id='word_1_203' title='bbox 163 2560 298 2622; x_wconf 91' lang='lat' dir='ltr'><strong>uomiuis</strong></span> <span class='ocrx_word' id='word_1_204' title='bbox 321 2574 351 2622; x_wconf 91' lang='lat' dir='ltr'><strong>et</strong></span> <span class='ocrx_word' id='word_1_205' title='bbox 374 2561 495 2641; x_wconf 79' lang='lat' dir='ltr'><strong>gloriae</strong></span> <span class='ocrx_word' id='word_1_206' title='bbox 518 2564 599 2626; x_wconf 91' lang='lat' dir='ltr'><strong>iuter</strong></span> <span class='ocrx_word' id='word_1_207' title='bbox 621 2586 738 2646; x_wconf 89' lang='lat' dir='ltr'><strong>pueros</strong></span> <span class='ocrx_word' id='word_1_208' title='bbox 761 2562 886 2633; x_wconf 88' lang='lat' dir='ltr'><strong>habuit,</strong></span> <span class='ocrx_word' id='word_1_209' title='bbox 912 2572 946 2620; x_wconf 92' lang='lat' dir='ltr'><strong>nt</strong></span> <span class='ocrx_word' id='word_1_210' title='bbox 971 2582 1079 2622; x_wconf 90' lang='lat' dir='ltr'><strong>eorum</strong></span> <span class='ocrx_word' id='word_1_211' title='bbox 1106 2573 1251 2642; x_wconf 86' lang='lat' dir='ltr'><strong>parentes</strong></span> <span class='ocrx_word' id='word_1_212' title='bbox 1283 2559 1403 2622; x_wconf 90' lang='lat' dir='ltr'><strong>visendi</strong></span> 
     </span>
    </p>
   </div>
   <div class='ocr_carea' id='block_1_5' title="bbox 79 2652 1404 2741">
    <p class='ocr_par' dir='ltr' id='par_1_5' title="bbox 79 2652 1404 2741">
     <span class='ocr_line' id='line_1_23' title="bbox 79 2652 1404 2741; baseline -0.001 -24"><span class='ocrx_word' id='word_1_213' title='bbox 79 2652 250 2717; x_wconf 90' lang='lat' dir='ltr'><strong>Ciceronis</strong></span> <span class='ocrx_word' id='word_1_214' title='bbox 272 2660 574 2741; x_wconf 79' lang='lat' dir='ltr'><strong>cognoscendaeque</strong></span> <span class='ocrx_word' id='word_1_215' title='bbox 598 2660 773 2720; x_wconf 77' lang='lat' dir='ltr'><strong>celebratae</strong></span> <span class='ocrx_word' id='word_1_216' title='bbox 796 2653 964 2717; x_wconf 83' lang='lat' dir='ltr'><strong>celeritatis</strong></span> <span class='ocrx_word' id='word_1_217' title='bbox 989 2654 1019 2715; x_wconf 92' lang='lat' dir='ltr'><strong>in</strong></span> <span class='ocrx_word' id='word_1_218' title='bbox 1051 2655 1201 2717; x_wconf 87' lang='lat' dir='ltr'><strong>discendo</strong></span> <span class='ocrx_word' id='word_1_219' title='bbox 1232 2653 1333 2736; x_wconf 79' lang='lat' dir='ltr'><strong>gratia</strong></span> <span class='ocrx_word' id='word_1_220' title='bbox 1366 2657 1404 2716; x_wconf 91' lang='lat' dir='ltr'><strong>ad</strong></span> 
     </span>
    </p>
   </div>
   <div class='ocr_carea' id='block_1_6' title="bbox 77 2747 1403 3001">
    <p class='ocr_par' dir='ltr' id='par_1_6' title="bbox 77 2747 1403 3001">
     <span class='ocr_line' id='line_1_24' title="bbox 78 2747 1401 2835; baseline 0 -27"><span class='ocrx_word' id='word_1_221' title='bbox 78 2748 185 2809; x_wconf 94' lang='lat' dir='ltr'><strong>ludum</strong></span> <span class='ocrx_word' id='word_1_222' title='bbox 210 2748 366 2811; x_wconf 82' lang='lat' dir='ltr'><strong>venirent.</strong></span> <span class='ocrx_word' id='word_1_223' title='bbox 422 2751 522 2813; x_wconf 92' lang='lat' dir='ltr'><strong>Pueri</strong></span> <span class='ocrx_word' id='word_1_224' title='bbox 545 2774 672 2835; x_wconf 90' lang='lat' dir='ltr'><strong>quoque</strong></span> <span class='ocrx_word' id='word_1_225' title='bbox 695 2750 826 2813; x_wconf 90' lang='lat' dir='ltr'><strong>honoris</strong></span> <span class='ocrx_word' id='word_1_226' title='bbox 852 2751 951 2829; x_wconf 78' lang='lat' dir='ltr'><strong>gratia</strong></span> <span class='ocrx_word' id='word_1_227' title='bbox 976 2747 1167 2812; x_wconf 87' lang='lat' dir='ltr'><strong>Ciceronem</strong></span> <span class='ocrx_word' id='word_1_228' title='bbox 1192 2749 1324 2810; x_wconf 90' lang='lat' dir='ltr'><strong>medium</strong></span> <span class='ocrx_word' id='word_1_229' title='bbox 1348 2752 1401 2809; x_wconf 89' lang='lat' dir='ltr'><strong>de-</strong></span> 
     </span>
     <span class='ocr_line' id='line_1_25' title="bbox 77 2839 1403 2925; baseline 0.002 -25"><span class='ocrx_word' id='word_1_230' title='bbox 77 2844 253 2903; x_wconf 81' lang='lat' dir='ltr'><strong>ducebant:</strong></span> <span class='ocrx_word' id='word_1_231' title='bbox 290 2844 327 2904; x_wconf 92' lang='lat' dir='ltr'><strong>de</strong></span> <span class='ocrx_word' id='word_1_232' title='bbox 350 2865 414 2925; x_wconf 89' lang='lat' dir='ltr'><strong>qun</strong></span> <span class='ocrx_word' id='word_1_233' title='bbox 438 2846 560 2907; x_wconf 88' lang='lat' dir='ltr'><strong>honore</strong></span> <span class='ocrx_word' id='word_1_234' title='bbox 588 2842 777 2908; x_wconf 88' lang='lat' dir='ltr'><strong>Pluta&#39;rchus</strong></span> <span class='ocrx_word' id='word_1_235' title='bbox 801 2843 832 2904; x_wconf 92' lang='lat' dir='ltr'><strong>iu</strong></span> <span class='ocrx_word' id='word_1_236' title='bbox 858 2843 1042 2923; x_wconf 88' lang='lat' dir='ltr'><strong>Praeceptis</strong></span> <span class='ocrx_word' id='word_1_237' title='bbox 1066 2843 1230 2918; x_wconf 88' lang='lat' dir='ltr'><strong>civilibus,</strong></span> <span class='ocrx_word' id='word_1_238' title='bbox 1269 2853 1299 2904; x_wconf 87' lang='lat' dir='ltr'><strong>ct</strong></span> <span class='ocrx_word' id='word_1_239' title='bbox 1322 2839 1403 2906; x_wconf 87' lang='lat' dir='ltr'><strong>Ovi-</strong></span> 
     </span>
     <span class='ocr_line' id='line_1_26' title="bbox 77 2936 649 3001; baseline 0.005 -3"><span class='ocrx_word' id='word_1_240' title='bbox 77 2937 149 2999; x_wconf 91' lang='lat' dir='ltr'><strong>dius</strong></span> <span class='ocrx_word' id='word_1_241' title='bbox 173 2936 229 2997; x_wconf 94' lang='lat' dir='ltr'><strong>lib.</strong></span> <span class='ocrx_word' id='word_1_242' title='bbox 256 2936 301 2998; x_wconf 89' lang='lat' dir='ltr'><strong>V.</strong></span> <span class='ocrx_word' id='word_1_243' title='bbox 326 2959 358 2998; x_wconf 80' lang='lat' dir='ltr'><strong>v.</strong></span> <span class='ocrx_word' id='word_1_244' title='bbox 383 2939 435 3000; x_wconf 76' lang='lat' dir='ltr'><strong>bi.</strong></span> <span class='ocrx_word' id='word_1_245' title='bbox 461 2940 649 3001; x_wconf 82' lang='lat' dir='ltr'><strong>Fastorum:</strong></span> 
     </span>
    </p>
   </div>
   <div class='ocr_carea' id='block_1_7' title="bbox 199 3047 1071 3218">
    <p class='ocr_par' dir='ltr' id='par_1_7' title="bbox 199 3047 1071 3218">
     <span class='ocr_line' id='line_1_27' title="bbox 199 3047 1071 3131; baseline -0.001 -22"><span class='ocrx_word' id='word_1_246' title='bbox 199 3047 241 3110; x_wconf 83' lang='lat' dir='ltr'><strong>Et</strong></span> <span class='ocrx_word' id='word_1_247' title='bbox 263 3050 391 3111; x_wconf 86' lang='lat' dir='ltr'><strong>medius</strong></span> <span class='ocrx_word' id='word_1_248' title='bbox 412 3053 586 3127; x_wconf 86' lang='lat' dir='ltr'><strong>iuvenum,</strong></span> <span class='ocrx_word' id='word_1_249' title='bbox 607 3073 673 3113; x_wconf 88' lang='lat' dir='ltr'><strong>non</strong></span> <span class='ocrx_word' id='word_1_250' title='bbox 695 3048 948 3131; x_wconf 77' lang='lat' dir='ltr'><strong>indignantibus</strong></span> <span class='ocrx_word' id='word_1_251' title='bbox 970 3049 1071 3126; x_wconf 89' lang='lat' dir='ltr'><strong>ipsis,</strong></span> 
     </span>
     <span class='ocr_line' id='line_1_28' title="bbox 280 3139 992 3218; baseline -0.004 -18"><span class='ocrx_word' id='word_1_252' title='bbox 280 3139 372 3200; x_wconf 88' lang='lat' dir='ltr'><strong>lbut:</strong></span> <span class='ocrx_word' id='word_1_253' title='bbox 392 3149 422 3202; x_wconf 89' lang='lat' dir='ltr'><strong>ct</strong></span> <span class='ocrx_word' id='word_1_254' title='bbox 444 3142 600 3218; x_wconf 85' lang='lat' dir='ltr'><strong>interior,</strong></span> <span class='ocrx_word' id='word_1_255' title='bbox 621 3144 651 3201; x_wconf 90' lang='lat' dir='ltr'><strong>si</strong></span> <span class='ocrx_word' id='word_1_256' title='bbox 670 3162 780 3203; x_wconf 77' lang='lat' dir='ltr'><strong>coines</strong></span> <span class='ocrx_word' id='word_1_257' title='bbox 804 3161 888 3202; x_wconf 86' lang='lat' dir='ltr'><strong>uuus</strong></span> <span class='ocrx_word' id='word_1_258' title='bbox 908 3148 992 3200; x_wconf 81' lang='lat' dir='ltr'><strong>erut.</strong></span> 
     </span>
    </p>
   </div>
   <div class='ocr_carea' id='block_1_8' title="bbox 81 3245 1403 4922">
    <p class='ocr_par' dir='ltr' id='par_1_8' title="bbox 81 3245 1403 4062">
     <span class='ocr_line' id='line_1_29' title="bbox 164 3245 1403 3349; baseline -0.004 -38"><span class='ocrx_word' id='word_1_259' title='bbox 164 3250 289 3311; x_wconf 87' lang='lat' dir='ltr'><strong>Laudat</strong></span> <span class='ocrx_word' id='word_1_260' title='bbox 312 3246 401 3308; x_wconf 87' lang='lat' dir='ltr'><strong>etiam</strong></span> <span class='ocrx_word' id='word_1_261' title='bbox 432 3249 621 3309; x_wconf 80' lang='lat' dir='ltr'><strong>Plutarchus</strong></span> <span class='ocrx_word' id='word_1_262' title='bbox 653 3250 787 3311; x_wconf 86' lang='lat' dir='ltr'><strong>indolem</strong></span> <span class='ocrx_word' id='word_1_263' title='bbox 818 3246 982 3311; x_wconf 85' lang='lat' dir='ltr'><strong>Ciceronis</strong></span> <span class='ocrx_word' id='word_1_264' title='bbox 1014 3269 1049 3305; x_wconf 91' lang='lat' dir='ltr'><strong>ae</strong></span> <span class='ocrx_word' id='word_1_265' title='bbox 1083 3245 1173 3349; x_wconf 34' lang='lat' dir='ltr'><strong>plan-e</strong></span> <span class='ocrx_word' id='word_1_266' title='bbox 1195 3247 1297 3328; x_wconf 89' lang='lat' dir='ltr'><strong>ipsum</strong></span> <span class='ocrx_word' id='word_1_267' title='bbox 1322 3247 1403 3308; x_wconf 86' lang='lat' dir='ltr'><strong>cins-</strong></span> 
     </span>
     <span class='ocr_line' id='line_1_30' title="bbox 82 3340 1401 3423; baseline 0 -22"><span class='ocrx_word' id='word_1_268' title='bbox 82 3344 167 3407; x_wconf 92' lang='lat' dir='ltr'><strong>modi</strong></span> <span class='ocrx_word' id='word_1_269' title='bbox 191 3353 299 3403; x_wconf 90' lang='lat' dir='ltr'><strong>natura</strong></span> <span class='ocrx_word' id='word_1_270' title='bbox 324 3341 420 3402; x_wconf 84' lang='lat' dir='ltr'><strong>luisse</strong></span> <span class='ocrx_word' id='word_1_271' title='bbox 452 3341 512 3413; x_wconf 90' lang='lat' dir='ltr'><strong>ait,</strong></span> <span class='ocrx_word' id='word_1_272' title='bbox 548 3345 668 3423; x_wconf 84' lang='lat' dir='ltr'><strong>qudem</strong></span> <span class='ocrx_word' id='word_1_273' title='bbox 701 3345 795 3404; x_wconf 90' lang='lat' dir='ltr'><strong>Plato</strong></span> <span class='ocrx_word' id='word_1_274' title='bbox 827 3343 882 3403; x_wconf 91' lang='lat' dir='ltr'><strong>lib.</strong></span> <span class='ocrx_word' id='word_1_275' title='bbox 908 3341 954 3401; x_wconf 71' lang='lat' dir='ltr'><strong>h.</strong></span> <span class='ocrx_word' id='word_1_276' title='bbox 979 3341 1017 3401; x_wconf 91' lang='lat' dir='ltr'><strong>dc</strong></span> <span class='ocrx_word' id='word_1_277' title='bbox 1040 3341 1123 3418; x_wconf 79' lang='lat' dir='ltr'><strong>liep.</strong></span> <span class='ocrx_word' id='word_1_278' title='bbox 1146 3340 1177 3400; x_wconf 88' lang='lat' dir='ltr'><strong>iu</strong></span> <span class='ocrx_word' id='word_1_279' title='bbox 1208 3341 1401 3421; x_wconf 88' lang='lat' dir='ltr'><strong>philosopho</strong></span> 
     </span>
     <span class='ocr_line' id='line_1_31' title="bbox 81 3428 1403 3517; baseline -0.002 -20"><span class='ocrx_word' id='word_1_280' title='bbox 81 3448 110 3497; x_wconf 86' lang='lat' dir='ltr'><strong>et</strong></span> <span class='ocrx_word' id='word_1_281' title='bbox 132 3435 259 3497; x_wconf 91' lang='lat' dir='ltr'><strong>homine</strong></span> <span class='ocrx_word' id='word_1_282' title='bbox 282 3433 376 3498; x_wconf 90' lang='lat' dir='ltr'><strong>docili</strong></span> <span class='ocrx_word' id='word_1_283' title='bbox 399 3435 543 3517; x_wconf 85' lang='lat' dir='ltr'><strong>requirit.</strong></span> <span class='ocrx_word' id='word_1_284' title='bbox 590 3435 650 3500; x_wconf 92' lang='lat' dir='ltr'><strong>Ubi</strong></span> <span class='ocrx_word' id='word_1_285' title='bbox 673 3439 822 3498; x_wconf 87' lang='lat' dir='ltr'><strong>Socrates</strong></span> <span class='ocrx_word' id='word_1_286' title='bbox 844 3436 886 3497; x_wconf 90' lang='lat' dir='ltr'><strong>ita</strong></span> <span class='ocrx_word' id='word_1_287' title='bbox 909 3431 1133 3506; x_wconf 91' lang='lat' dir='ltr'><strong>concludit,o</strong></span> <span class='ocrx_word' id='word_1_288' title='bbox 1116 3428 1234 3498; x_wconf 70' lang='grc'><strong>1111111111</strong></span> <span class='ocrx_word' id='word_1_289' title='bbox 1263 3439 1316 3497; x_wconf 76' lang='grc' dir='ltr'><strong>καὶ</strong></span> <span class='ocrx_word' id='word_1_290' title='bbox 1346 3430 1403 3495; x_wconf 84' lang='grc' dir='ltr'><strong>τὸν</strong></span> 
     </span>
     <span class='ocr_line' id='line_1_32' title="bbox 81 3519 1401 3637; baseline -0.002 -45"><span class='ocrx_word' id='word_1_291' title='bbox 81 3531 141 3637; x_wconf 75' lang='lat' dir='ltr'><strong>qe).</strong></span> <span class='ocrx_word' id='word_1_292' title='bbox 132 3523 271 3633; x_wconf 74' lang='lat' dir='ltr'><strong>‚duoque</strong></span> <span class='ocrx_word' id='word_1_293' title='bbox 295 3528 418 3617; x_wconf 61' lang='lat' dir='ltr'><strong>ooqiue</strong></span> <span class='ocrx_word' id='word_1_294' title='bbox 440 3551 587 3616; x_wconf 76' lang='lat' dir='ltr'><strong>qqanauau</strong></span> <span class='ocrx_word' id='word_1_295' title='bbox 608 3527 814 3611; x_wconf 74' lang='grc' dir='ltr'><strong>ἐπ11·11111,11“,1·</strong></span> <span class='ocrx_word' id='word_1_296' title='bbox 837 3519 917 3592; x_wconf 78' lang='lat' dir='ltr'><strong>simu</strong></span> <span class='ocrx_word' id='word_1_297' title='bbox 942 3522 978 3591; x_wconf 86' lang='lat' dir='ltr'><strong>mi</strong></span> <span class='ocrx_word' id='word_1_298' title='bbox 1007 3527 1063 3604; x_wconf 68' lang='grc' dir='ltr'><strong>τῆς</strong></span> <span class='ocrx_word' id='word_1_299' title='bbox 1089 3526 1183 3610; x_wconf 67' lang='lat' dir='ltr'><strong>tercie,</strong></span> <span class='ocrx_word' id='word_1_300' title='bbox 1214 3527 1269 3604; x_wconf 67' lang='grc' dir='ltr'><strong>τῆς</strong></span> <span class='ocrx_word' id='word_1_301' title='bbox 1291 3520 1318 3591; x_wconf 83' lang='grc'><strong>1)</strong></span> <span class='ocrx_word' id='word_1_302' title='bbox 1345 3520 1401 3602; x_wconf 75' lang='grc' dir='ltr'><strong>οὐ,</strong></span> 
     </span>
     <span class='ocr_line' id='line_1_33' title="bbox 82 3616 1401 3702; baseline -0.005 -16"><span class='ocrx_word' id='word_1_303' title='bbox 82 3619 168 3686; x_wconf 72' lang='grc' dir='ltr'><strong>ἀλλὰ</strong></span> <span class='ocrx_word' id='word_1_304' title='bbox 188 3616 312 3702; x_wconf 54' lang='lat' dir='ltr'><strong>uriom,</strong></span> <span class='ocrx_word' id='word_1_305' title='bbox 335 3620 365 3681; x_wconf 91' lang='lat' dir='ltr'><strong>id</strong></span> <span class='ocrx_word' id='word_1_306' title='bbox 388 3632 448 3693; x_wconf 90' lang='lat' dir='ltr'><strong>est,</strong></span> <span class='ocrx_word' id='word_1_307' title='bbox 472 3621 583 3702; x_wconf 76' lang='lat' dir='ltr'><strong>Igitur</strong></span> <span class='ocrx_word' id='word_1_308' title='bbox 606 3632 640 3684; x_wconf 85' lang='lat' dir='ltr'><strong>et</strong></span> <span class='ocrx_word' id='word_1_309' title='bbox 658 3622 896 3702; x_wconf 85' lang='lat' dir='ltr'><strong>philosophum</strong></span> <span class='ocrx_word' id='word_1_310' title='bbox 918 3620 1067 3684; x_wconf 86' lang='lat' dir='ltr'><strong>dicemus</strong></span> <span class='ocrx_word' id='word_1_311' title='bbox 1091 3621 1277 3699; x_wconf 83' lang='lat' dir='ltr'><strong>supientiae</strong></span> <span class='ocrx_word' id='word_1_312' title='bbox 1309 3639 1401 3680; x_wconf 87' lang='lat' dir='ltr'><strong>omo·</strong></span> 
     </span>
     <span class='ocr_line' id='line_1_34' title="bbox 83 3707 1401 3816; baseline -0.005 -41"><span class='ocrx_word' id='word_1_313' title='bbox 83 3725 189 3778; x_wconf 82' lang='lat' dir='ltr'><strong>torem</strong></span> <span class='ocrx_word' id='word_1_314' title='bbox 200 3735 297 3816; x_wconf 69' lang='lat' dir='ltr'><strong>csse,</strong></span> <span class='ocrx_word' id='word_1_315' title='bbox 327 3735 392 3776; x_wconf 89' lang='lat' dir='ltr'><strong>nun</strong></span> <span class='ocrx_word' id='word_1_316' title='bbox 416 3716 513 3774; x_wconf 81' lang='lat' dir='ltr'><strong>uarius</strong></span> <span class='ocrx_word' id='word_1_317' title='bbox 534 3712 705 3787; x_wconf 80' lang='lat' dir='ltr'><strong>alieuius,</strong></span> <span class='ocrx_word' id='word_1_318' title='bbox 738 3710 797 3773; x_wconf 82' lang='lat' dir='ltr'><strong>scel</strong></span> <span class='ocrx_word' id='word_1_319' title='bbox 816 3712 998 3774; x_wconf 77' lang='lat' dir='ltr'><strong>uraieersue.</strong></span> <span class='ocrx_word' id='word_1_320' title='bbox 1050 3708 1138 3770; x_wconf 87' lang='lat' dir='ltr'><strong>Puer</strong></span> <span class='ocrx_word' id='word_1_321' title='bbox 1161 3707 1297 3782; x_wconf 85' lang='lat' dir='ltr'><strong>Cicero,</strong></span> <span class='ocrx_word' id='word_1_322' title='bbox 1330 3712 1401 3768; x_wconf 85' lang='lat' dir='ltr'><strong>eiun</strong></span> 
     </span>
     <span class='ocr_line' id='line_1_35' title="bbox 84 3799 1399 3887; baseline -0.005 -19"><span class='ocrx_word' id='word_1_323' title='bbox 84 3804 175 3887; x_wconf 80' lang='lat' dir='ltr'><strong>po‘e&#39;si</strong></span> <span class='ocrx_word' id='word_1_324' title='bbox 199 3804 340 3886; x_wconf 84' lang='lat' dir='ltr'><strong>inprimis</strong></span> <span class='ocrx_word' id='word_1_325' title='bbox 363 3805 592 3874; x_wconf 87' lang='lat' dir='ltr'><strong>delectaretur,</strong></span> <span class='ocrx_word' id='word_1_326' title='bbox 623 3800 773 3865; x_wconf 88' lang='lat' dir='ltr'><strong>Pontiruu</strong></span> <span class='ocrx_word' id='word_1_327' title='bbox 804 3803 958 3863; x_wconf 89' lang='lat' dir='ltr'><strong>Glaucum</strong></span> <span class='ocrx_word' id='word_1_328' title='bbox 989 3801 1179 3862; x_wconf 88' lang='lat' dir='ltr'><strong>tetrametris</strong></span> <span class='ocrx_word' id='word_1_329' title='bbox 1202 3799 1399 3881; x_wconf 88' lang='lat' dir='ltr'><strong>composuit,</strong></span> 
     </span>
     <span class='ocr_line' id='line_1_36' title="bbox 85 3893 1401 3979; baseline -0.001 -21"><span class='ocrx_word' id='word_1_330' title='bbox 85 3920 177 3979; x_wconf 90' lang='lat' dir='ltr'><strong>quem</strong></span> <span class='ocrx_word' id='word_1_331' title='bbox 201 3919 256 3961; x_wconf 86' lang='lat' dir='ltr'><strong>sua</strong></span> <span class='ocrx_word' id='word_1_332' title='bbox 280 3898 454 3960; x_wconf 85' lang='lat' dir='ltr'><strong>etiamnunc</strong></span> <span class='ocrx_word' id='word_1_333' title='bbox 477 3908 577 3958; x_wconf 88' lang='lat' dir='ltr'><strong>aetate</strong></span> <span class='ocrx_word' id='word_1_334' title='bbox 600 3893 755 3956; x_wconf 84' lang='lat' dir='ltr'><strong>exstitisse</strong></span> <span class='ocrx_word' id='word_1_335' title='bbox 778 3894 968 3956; x_wconf 84' lang='lat' dir='ltr'><strong>Plutarchus</strong></span> <span class='ocrx_word' id='word_1_336' title='bbox 990 3893 1043 3957; x_wconf 91' lang='lat' dir='ltr'><strong>ait.</strong></span> <span class='ocrx_word' id='word_1_337' title='bbox 1098 3894 1274 3971; x_wconf 80' lang='lat' dir='ltr'><strong>Aeschylus</strong></span> <span class='ocrx_word' id='word_1_338' title='bbox 1300 3896 1333 3956; x_wconf 83' lang='grc'><strong>11·</strong></span> <span class='ocrx_word' id='word_1_339' title='bbox 1357 3894 1401 3957; x_wconf 82' lang='grc' dir='ltr'><strong>τῶ</strong></span> 
     </span>
     <span class='ocr_line' id='line_1_37' title="bbox 89 3987 1098 4082; baseline -0.009 -25"><span class='ocrx_word' id='word_1_340' title='bbox 89 3994 217 4082; x_wconf 78' lang='lat' dir='ltr'><strong>lloerip</strong></span> <span class='ocrx_word' id='word_1_341' title='bbox 244 3989 381 4057; x_wconf 62' lang='lat' dir='ltr'><strong>laecum</strong></span> <span class='ocrx_word' id='word_1_342' title='bbox 399 4013 414 4052; x_wconf 92' lang='grc'><strong>1</strong></span> <span class='ocrx_word' id='word_1_343' title='bbox 446 3993 619 4062; x_wconf 85' lang='lat' dir='ltr'><strong>Strabone,</strong></span> <span class='ocrx_word' id='word_1_344' title='bbox 646 3989 811 4050; x_wconf 85' lang='lat' dir='ltr'><strong>Athenaeo</strong></span> <span class='ocrx_word' id='word_1_345' title='bbox 834 4001 864 4048; x_wconf 91' lang='lat' dir='ltr'><strong>et</strong></span> <span class='ocrx_word' id='word_1_346' title='bbox 888 3987 954 4048; x_wconf 88' lang='lat' dir='ltr'><strong>aliis</strong></span> <span class='ocrx_word' id='word_1_347' title='bbox 978 3989 1098 4053; x_wconf 87' lang='lat' dir='ltr'><strong>citatur.</strong></span> 
     </span>
    </p>

    <p class='ocr_par' dir='ltr' id='par_1_9' title="bbox 85 4079 1403 4922">
     <span class='ocr_line' id='line_1_38' title="bbox 169 4079 1400 4163; baseline -0.005 -15"><span class='ocrx_word' id='word_1_348' title='bbox 169 4088 244 4149; x_wconf 87' lang='lat' dir='ltr'><strong>Hoe</strong></span> <span class='ocrx_word' id='word_1_349' title='bbox 266 4107 347 4146; x_wconf 90' lang='lat' dir='ltr'><strong>amm</strong></span> <span class='ocrx_word' id='word_1_350' title='bbox 371 4088 515 4146; x_wconf 86' lang='lat' dir='ltr'><strong>tribunus</strong></span> <span class='ocrx_word' id='word_1_351' title='bbox 538 4083 625 4163; x_wconf 85' lang='lat' dir='ltr'><strong>pleb.</strong></span> <span class='ocrx_word' id='word_1_352' title='bbox 649 4082 700 4144; x_wconf 83' lang='lat' dir='ltr'><strong>bl.</strong></span> <span class='ocrx_word' id='word_1_353' title='bbox 725 4081 837 4143; x_wconf 67' lang='lat' dir='ltr'><strong>Liuius</strong></span> <span class='ocrx_word' id='word_1_354' title='bbox 859 4083 1001 4155; x_wconf 80' lang='lat' dir='ltr'><strong>Drusus,</strong></span> <span class='ocrx_word' id='word_1_355' title='bbox 1028 4104 1096 4143; x_wconf 89' lang='lat' dir='ltr'><strong>cum</strong></span> <span class='ocrx_word' id='word_1_356' title='bbox 1119 4079 1240 4142; x_wconf 89' lang='lat' dir='ltr'><strong>senatui</strong></span> <span class='ocrx_word' id='word_1_357' title='bbox 1263 4079 1400 4161; x_wconf 88' lang='lat' dir='ltr'><strong>priscum</strong></span> 
     </span>
     <span class='ocr_line' id='line_1_39' title="bbox 85 4173 1402 4278; baseline -0.008 -35"><span class='ocrx_word' id='word_1_358' title='bbox 85 4180 254 4245; x_wconf 85' lang='lat' dir='ltr'><strong>restituere</strong></span> <span class='ocrx_word' id='word_1_359' title='bbox 279 4190 410 4260; x_wconf 91' lang='lat' dir='ltr'><strong>cuperet</strong></span> <span class='ocrx_word' id='word_1_360' title='bbox 439 4181 552 4249; x_wconf 89' lang='lat' dir='ltr'><strong>decus,</strong></span> <span class='ocrx_word' id='word_1_361' title='bbox 584 4188 615 4238; x_wconf 84' lang='lat' dir='ltr'><strong>ct</strong></span> <span class='ocrx_word' id='word_1_362' title='bbox 640 4175 751 4238; x_wconf 89' lang='lat' dir='ltr'><strong>iudicia</strong></span> <span class='ocrx_word' id='word_1_363' title='bbox 776 4177 814 4236; x_wconf 92' lang='lat' dir='ltr'><strong>ab</strong></span> <span class='ocrx_word' id='word_1_364' title='bbox 848 4175 1024 4257; x_wconf 85' lang='lat' dir='ltr'><strong>equitibus,</strong></span> <span class='ocrx_word' id='word_1_365' title='bbox 1051 4173 1199 4278; x_wconf 75' lang='lat' dir='ltr'><strong>quitum</strong></span> <span class='ocrx_word' id='word_1_366' title='bbox 1222 4173 1292 4257; x_wconf 82' lang='lat' dir='ltr'><strong>lege</strong></span> <span class='ocrx_word' id='word_1_367' title='bbox 1314 4176 1402 4237; x_wconf 89' lang='lat' dir='ltr'><strong>Sem-</strong></span> 
     </span>
     <span class='ocr_line' id='line_1_40' title="bbox 87 4264 1400 4356; baseline -0.005 -19"><span class='ocrx_word' id='word_1_368' title='bbox 87 4274 197 4356; x_wconf 89' lang='lat' dir='ltr'><strong>pronia</strong></span> <span class='ocrx_word' id='word_1_369' title='bbox 220 4272 417 4347; x_wconf 91' lang='lat' dir='ltr'><strong>iudicabant,</strong></span> <span class='ocrx_word' id='word_1_370' title='bbox 443 4275 481 4334; x_wconf 87' lang='lat' dir='ltr'><strong>ad</strong></span> <span class='ocrx_word' id='word_1_371' title='bbox 511 4293 581 4332; x_wconf 93' lang='lat' dir='ltr'><strong>cum</strong></span> <span class='ocrx_word' id='word_1_372' title='bbox 610 4268 784 4331; x_wconf 82' lang='lat' dir='ltr'><strong>transferre</strong></span> <span class='ocrx_word' id='word_1_373' title='bbox 811 4269 1003 4342; x_wconf 87' lang='lat' dir='ltr'><strong>ordinem,</strong></span> <span class='ocrx_word' id='word_1_374' title='bbox 997 4289 1027 4328; x_wconf 91' lang='lat' dir='ltr'><strong>m</strong></span> <span class='ocrx_word' id='word_1_375' title='bbox 1048 4266 1086 4328; x_wconf 89' lang='lat' dir='ltr'><strong>iis</strong></span> <span class='ocrx_word' id='word_1_376' title='bbox 1115 4264 1211 4345; x_wconf 86' lang='lat' dir='ltr'><strong>ipsis,</strong></span> <span class='ocrx_word' id='word_1_377' title='bbox 1237 4288 1316 4350; x_wconf 81' lang='lat' dir='ltr'><strong>quae</strong></span> <span class='ocrx_word' id='word_1_378' title='bbox 1339 4288 1400 4348; x_wconf 93' lang='lat' dir='ltr'><strong>pro</strong></span> 
     </span>
     <span class='ocr_line' id='line_1_41' title="bbox 87 4358 1399 4443; baseline -0.006 -12"><span class='ocrx_word' id='word_1_379' title='bbox 87 4380 194 4431; x_wconf 84' lang='lat' dir='ltr'><strong>senatu</strong></span> <span class='ocrx_word' id='word_1_380' title='bbox 218 4368 426 4439; x_wconf 87' lang='lat' dir='ltr'><strong>moliebatur,</strong></span> <span class='ocrx_word' id='word_1_381' title='bbox 449 4376 587 4428; x_wconf 85' lang='lat' dir='ltr'><strong>seuatmn</strong></span> <span class='ocrx_word' id='word_1_382' title='bbox 613 4361 720 4423; x_wconf 88' lang='lat' dir='ltr'><strong>halmit</strong></span> <span class='ocrx_word' id='word_1_383' title='bbox 746 4362 979 4433; x_wconf 82' lang='lat' dir='ltr'><strong>adversarium,</strong></span> <span class='ocrx_word' id='word_1_384' title='bbox 1004 4358 1104 4443; x_wconf 91' lang='lat' dir='ltr'><strong>inquit</strong></span> <span class='ocrx_word' id='word_1_385' title='bbox 1122 4359 1266 4422; x_wconf 88' lang='lat' dir='ltr'><strong>Velleius</strong></span> <span class='ocrx_word' id='word_1_386' title='bbox 1282 4360 1338 4422; x_wconf 92' lang='lat' dir='ltr'><strong>lib.</strong></span> <span class='ocrx_word' id='word_1_387' title='bbox 1352 4361 1399 4423; x_wconf 92' lang='lat' dir='ltr'><strong>ll.</strong></span> 
     </span>
     <span class='ocr_line' id='line_1_42' title="bbox 87 4454 1399 4546; baseline -0.007 -22"><span class='ocrx_word' id='word_1_388' title='bbox 87 4484 157 4546; x_wconf 87' lang='lat' dir='ltr'><strong>cap.</strong></span> <span class='ocrx_word' id='word_1_389' title='bbox 190 4462 243 4524; x_wconf 79' lang='grc'><strong>13.</strong></span> <span class='ocrx_word' id='word_1_390' title='bbox 300 4460 380 4523; x_wconf 87' lang='lat' dir='ltr'><strong>Cum</strong></span> <span class='ocrx_word' id='word_1_391' title='bbox 410 4459 509 4543; x_wconf 82' lang='lat' dir='ltr'><strong>igitur</strong></span> <span class='ocrx_word' id='word_1_392' title='bbox 537 4455 750 4520; x_wconf 78' lang='lat' dir='ltr'><strong>vehementius</strong></span> <span class='ocrx_word' id='word_1_393' title='bbox 778 4455 981 4517; x_wconf 79' lang='lat' dir='ltr'><strong>inveberetur</strong></span> <span class='ocrx_word' id='word_1_394' title='bbox 1009 4454 1040 4515; x_wconf 94' lang='lat' dir='ltr'><strong>in</strong></span> <span class='ocrx_word' id='word_1_395' title='bbox 1071 4475 1193 4515; x_wconf 89' lang='lat' dir='ltr'><strong>causam</strong></span> <span class='ocrx_word' id='word_1_396' title='bbox 1223 4455 1399 4536; x_wconf 90' lang='lat' dir='ltr'><strong>principum</strong></span> 
     </span>
     <span class='ocr_line' id='line_1_43' title="bbox 88 4550 1401 4636; baseline -0.007 -18"><span class='ocrx_word' id='word_1_397' title='bbox 88 4556 199 4620; x_wconf 88' lang='lat' dir='ltr'><strong>consul</strong></span> <span class='ocrx_word' id='word_1_398' title='bbox 223 4555 409 4636; x_wconf 88' lang='lat' dir='ltr'><strong>Philippus,</strong></span> <span class='ocrx_word' id='word_1_399' title='bbox 441 4552 601 4635; x_wconf 78' lang='lat' dir='ltr'><strong>Drusique</strong></span> <span class='ocrx_word' id='word_1_400' title='bbox 628 4551 802 4613; x_wconf 90' lang='lat' dir='ltr'><strong>tribunatus</strong></span> <span class='ocrx_word' id='word_1_401' title='bbox 830 4572 892 4630; x_wconf 92' lang='lat' dir='ltr'><strong>pro</strong></span> <span class='ocrx_word' id='word_1_402' title='bbox 926 4561 1048 4609; x_wconf 89' lang='lat' dir='ltr'><strong>senatus</strong></span> <span class='ocrx_word' id='word_1_403' title='bbox 1075 4550 1261 4612; x_wconf 87' lang='lat' dir='ltr'><strong>auctoritate</strong></span> <span class='ocrx_word' id='word_1_404' title='bbox 1294 4569 1401 4610; x_wconf 88' lang='lat' dir='ltr'><strong>susec-</strong></span> 
     </span>
     <span class='ocr_line' id='line_1_44' title="bbox 87 4643 1399 4733; baseline -0.008 -20"><span class='ocrx_word' id='word_1_405' title='bbox 87 4664 158 4733; x_wconf 92' lang='lat' dir='ltr'><strong>ptus</strong></span> <span class='ocrx_word' id='word_1_406' title='bbox 177 4650 307 4733; x_wconf 71' lang='lat' dir='ltr'><strong>infringi</strong></span> <span class='ocrx_word' id='word_1_407' title='bbox 330 4650 390 4711; x_wconf 88' lang='lat' dir='ltr'><strong>iarn</strong></span> <span class='ocrx_word' id='word_1_408' title='bbox 415 4670 451 4711; x_wconf 92' lang='lat' dir='ltr'><strong>ac</strong></span> <span class='ocrx_word' id='word_1_409' title='bbox 473 4646 626 4710; x_wconf 89' lang='lat' dir='ltr'><strong>debilitari</strong></span> <span class='ocrx_word' id='word_1_410' title='bbox 653 4644 830 4717; x_wconf 85' lang='lat' dir='ltr'><strong>videretur,</strong></span> <span class='ocrx_word' id='word_1_411' title='bbox 856 4645 998 4703; x_wconf 87' lang='lat' dir='ltr'><strong>ludorum</strong></span> <span class='ocrx_word' id='word_1_412' title='bbox 1028 4643 1243 4706; x_wconf 74' lang='lat' dir='ltr'><strong>Rornanorum</strong></span> <span class='ocrx_word' id='word_1_413' title='bbox 1271 4643 1399 4713; x_wconf 87' lang='lat' dir='ltr'><strong>diebus,</strong></span> 
     </span>
     <span class='ocr_line' id='line_1_45' title="bbox 88 4734 1403 4827; baseline -0.005 -22"><span class='ocrx_word' id='word_1_414' title='bbox 88 4766 169 4827; x_wconf 86' lang='lat' dir='ltr'><strong>quos</strong></span> <span class='ocrx_word' id='word_1_415' title='bbox 199 4764 216 4804; x_wconf 93' lang='lat' dir='ltr'><strong>a</strong></span> <span class='ocrx_word' id='word_1_416' title='bbox 243 4742 344 4824; x_wconf 83' lang='lat' dir='ltr'><strong>pridie</strong></span> <span class='ocrx_word' id='word_1_417' title='bbox 370 4745 458 4806; x_wconf 83' lang='lat' dir='ltr'><strong>Non.</strong></span> <span class='ocrx_word' id='word_1_418' title='bbox 485 4762 583 4823; x_wconf 89' lang='lat' dir='ltr'><strong>usque</strong></span> <span class='ocrx_word' id='word_1_419' title='bbox 613 4741 651 4801; x_wconf 88' lang='lat' dir='ltr'><strong>ad</strong></span> <span class='ocrx_word' id='word_1_420' title='bbox 678 4738 753 4800; x_wconf 88' lang='lat' dir='ltr'><strong>ldus</strong></span> <span class='ocrx_word' id='word_1_421' title='bbox 779 4738 940 4817; x_wconf 89' lang='lat' dir='ltr'><strong>Septemb.</strong></span> <span class='ocrx_word' id='word_1_422' title='bbox 971 4734 1066 4799; x_wconf 81' lang='lat' dir='ltr'><strong>irrisae</strong></span> <span class='ocrx_word' id='word_1_423' title='bbox 1100 4758 1140 4800; x_wconf 84' lang='lat' dir='ltr'><strong>cx</strong></span> <span class='ocrx_word' id='word_1_424' title='bbox 1169 4735 1264 4799; x_wconf 86' lang='lat' dir='ltr'><strong>veteri</strong></span> <span class='ocrx_word' id='word_1_425' title='bbox 1286 4738 1403 4800; x_wconf 85' lang='lat' dir='ltr'><strong>Kalen·</strong></span> 
     </span>
     <span class='ocr_line' id='line_1_46' title="bbox 88 4828 1399 4922; baseline -0.006 -22"><span class='ocrx_word' id='word_1_426' title='bbox 88 4838 178 4903; x_wconf 85' lang='lat' dir='ltr'><strong>dario</strong></span> <span class='ocrx_word' id='word_1_427' title='bbox 212 4835 438 4922; x_wconf 81' lang='lat' dir='ltr'><strong>cognoscitur,</strong></span> <span class='ocrx_word' id='word_1_428' title='bbox 473 4835 608 4900; x_wconf 88' lang='lat' dir='ltr'><strong>Crassus</strong></span> <span class='ocrx_word' id='word_1_429' title='bbox 631 4854 665 4895; x_wconf 87' lang='lat' dir='ltr'><strong>se</strong></span> <span class='ocrx_word' id='word_1_430' title='bbox 692 4852 761 4895; x_wconf 90' lang='lat' dir='ltr'><strong>cnm</strong></span> <span class='ocrx_word' id='word_1_431' title='bbox 788 4828 829 4893; x_wconf 90' lang='lat' dir='ltr'><strong>C.</strong></span> <span class='ocrx_word' id='word_1_432' title='bbox 858 4832 952 4894; x_wconf 90' lang='lat' dir='ltr'><strong>Cotta</strong></span> <span class='ocrx_word' id='word_1_433' title='bbox 979 4841 1009 4893; x_wconf 91' lang='lat' dir='ltr'><strong>et</strong></span> <span class='ocrx_word' id='word_1_434' title='bbox 1034 4833 1075 4896; x_wconf 83' lang='lat' dir='ltr'><strong>Pt</strong></span> <span class='ocrx_word' id='word_1_435' title='bbox 1103 4830 1243 4914; x_wconf 89' lang='lat' dir='ltr'><strong>Sulpicio</strong></span> <span class='ocrx_word' id='word_1_436' title='bbox 1272 4829 1302 4892; x_wconf 89' lang='lat' dir='ltr'><strong>iu</strong></span> <span class='ocrx_word' id='word_1_437' title='bbox 1332 4832 1399 4893; x_wconf 87' lang='lat' dir='ltr'><strong>Tu·</strong></span> 
     </span>
    </p>
   </div>
   <div class='ocr_carea' id='block_1_9' title="bbox 0 0 1619 5310">
    <p class='ocr_par' dir='ltr' id='par_1_10' title="bbox 0 0 1619 5310">
     <span class='ocr_line' id='line_1_47' title="bbox 0 0 1619 5310; baseline 0 0"><span class='ocrx_word' id='word_1_438' title='bbox 0 0 1619 5310; x_wconf 95' lang='lat' dir='ltr'><strong> </strong></span> 
     </span>
    </p>
   </div>
  </div>
 </body>
</html>
