3218 5310
147 249 184 310 ro
546 245 598 307 u.
624 206 1061 309 Tu1.u.tte1esnou1s

144 400 191 453 est
221 393 274 453 lex
296 387 470 470 Calpurnia
492 390 530 451 dc
554 385 688 462 arnlaitu,
710 406 813 470 ,quam
833 385 1033 447 severissime
1055 385 1203 467 scriptam
1226 383 1323 448 fuisse
1347 383 1465 451 Cicero

144 504 206 566 pro
233 483 370 546 Murena
399 503 470 563 cap.
495 483 546 545 ts.
577 480 633 544 ait.
679 479 799 542 indicta
826 492 916 541 crant
940 492 1004 542 tum
1028 478 1174 556 comitia,
1206 493 1401 563 antennae,
1432 491 1464 542 ut

143 576 208 643 Dio
237 575 366 657 scribit,
397 575 472 638 nihil
500 574 636 637 sciscere
666 573 802 660 licebat:
832 576 905 647 scd,
938 584 1006 635 cu'm
1033 573 1156 635 interim
1186 573 1342 637 candidati
1368 574 1464 637 multa

143 669 265 733 nefaria
287 669 430 732 facerent
452 670 626 752 caedesque
651 669 782 740 lierent,
814 676 940 728 senatus
962 665 1124 753 decrevit,
1148 678 1200 739 ut,
1224 677 1391 750 antequam
1413 668 1465 731 lex

143 767 182 827 dc
205 763 324 827 ambitu
349 765 411 838 lata
437 774 537 837 essct,
569 761 694 827 comitia
719 782 755 823 ue
778 762 987 835 haberentur,
1019 773 1050 822 et
1069 761 1252 823 consulibus
1274 759 1464 843 praesidium

143 860 285 920 daretur.
334 856 496 921 Excitavit
525 859 617 920 ctiam
649 857 758 917 turbas
781 853 968 929 Cornelius,
1002 865 1034 915 ut
1056 855 1122 917 Dio
1150 867 1181 918 et
1203 854 1365 919 Asconius
1385 854 1463 919 scri·

144 953 240 1015 bunt:
270 953 312 1014 ob
342 974 419 1034 qrras
448 974 518 1014 cum
549 952 642 1015 dilata
673 947 800 1013 comitia
826 960 948 1024 essent,
981 946 1099 1012 Cicero
1122 960 1171 1010 ter
1192 962 1325 1030 praetor
1342 949 1465 1032 primns

144 1046 292 1110 centuriis
317 1040 738 1136 ‹ttrttctis.renuntia'tus¹cst,
771 1054 804 1104 ιιι
827 1041 892 1123 ipsc
914 1043 944 1104 in
966 1043 1137 1105 Maniliana
1160 1063 1232 1125 cap.
1257 1047 1290 1106 l.
1316 1052 1463 1107 testatur.

143 1140 277 1204 Licebat
296 1152 397 1204 autem
414 1142 441 1204 ei
457 1153 635 1222 praeturam
652 1149 761 1219 peterc
783 1140 844 1200 hoe
863 1149 1007 1218 tempore
1026 1138 1153 1201 biennio
1174 1148 1249 1221 post
1263 1136 1463 1203 aedititaten.

146 1232 230 1297 Vide
262 1235 354 1317 epist.
379 1236 432 1298 252.
467 1233 522 1295 lib.
547 1234 592 1296 X.
629 1235 667 1292 ad
691 1234 775 1296 Fam.
826 1233 863 1293 ln
895 1245 1061 1313 praeturae
1095 1232 1246 1314 petitione
1277 1232 1465 1314 competito-

142 1349 194 1391 res
213 1328 351 1391 illustres
369 1328 482 1391 multos
498 1349 567 1388 cum
589 1329 736 1398 liaberet,
762 1338 892 1408 praetor
907 1326 1027 1407 primus
1042 1325 1222 1409 designatus
1241 1339 1306 1403 cst,
1332 1340 1462 1391 auctore

144 1423 332 1486 Plutarcho.
378 1423 451 1503 lpse
481 1433 645 1501 praetcrea
674 1420 705 1481 iu
729 1421 833 1483 Bruto
861 1442 895 1482 sc
930 1432 961 1481 et
994 1432 1174 1502 praetorem
1203 1419 1336 1501 primum
1365 1420 1464 1485 etio·

146 1516 290 1579 credibili
320 1515 431 1597 populi
463 1515 623 1591 uoluntate
652 1535 721 1576 esse
748 1514 867 1576 sactum
891 1512 936 1576 ait
961 1534 1032 1594 cap.
1058 1514 1110 1576 93.
1155 1514 1242 1588 ldenr
1263 1514 1292 1575 in
1317 1513 1465 1579 Pisonem

143 1632 213 1691 cap.
240 1613 270 1672 l.
294 1610 472 1673 coufirmat.
518 1609 636 1672 Cicero
663 1609 760 1689 igitur
789 1620 920 1687 praetor
948 1607 1088 1688 primus,
1117 1608 1149 1669 id
1178 1619 1227 1670 cst
1255 1609 1360 1689 primo
1390 1608 1462 1673 loco

144 1704 267 1778 iactus,
288 1705 348 1771 l'uit
362 1725 402 1766 ex
419 1715 494 1767 octo
510 1703 586 1777 illis,
612 1703 664 1786 qtri
688 1714 751 1764 trun
774 1702 902 1764 fiebant.
947 1702 1121 1764 Praetores
1143 1723 1213 1763 eum
1230 1699 1390 1767 Cicerone
1409 1705 1464 1767 tle·

141 1796 257 1883 signati
278 1809 401 1879 septem
425 1799 455 1860 hi
477 1799 622 1870 fuerunt,
648 1797 692 1876 Q.
714 1793 881 1858 Voconius
903 1796 1010 1868 Naso,
1036 1796 1087 1857 Μ.
1108 1794 1307 1871 Plaetorius,
1331 1793 1375 1859 C.
1392 1796 1465 1861 Fla·

142 1893 270 1969 ntinius,
302 1891 344 1957 C.
369 1891 559 1968 Orchinius,
589 1891 631 1956 C.
655 1882 817 1973 Aquillius
836 1890 965 1963 Gallus,
998 1890 1038 1965 P.
1062 1888 1212 1965 Cassius,
1243 1900 1275 1952 ct
1296 1887 1338 1953 C.
1359 1891 1465 1955 Aac·

141 1987 229 2050 nius:
261 1985 380 2051 Cicero
404 2009 465 2068 pro
490 1986 639 2051 Cluentio
668 2006 740 2065 cap.
765 1983 818 2046 34.
849 1997 880 2046 ct
903 1985 956 2046 53.
980 1995 1012 2046 et
1037 1983 1205 2048 Asconius.
1248 1983 1298 2047 De
1328 1982 1465 2048 comitiis

139 2080 308 2162 praetoriis
324 2081 395 2163 agit¹
405 2080 522 2143 Cicero
540 2080 673 2160 epistola
690 2080 722 2141 8.
739 2090 771 2141 ct
786 2079 817 2140 9.
839 2078 894 2139 lib.
909 2080 938 2140 1.
963 2081 1002 2139 ad
1015 2080 1087 2140 Αιι.
1100 2098 1191 2160 .qrrac
1209 2079 1271 2141 hoc
1286 2098 1370 2142 anco
1385 2075 1463 2141 scri·

76 2179 80 2186 '
139 2185 213 2256 ptac
237 2173 377 2236 ltrermu.
426 2175 460 2235 ln
486 2195 566 2235 nona
586 2173 768 2235 candidatos
789 2173 932 2233 oruuibus
954 2166 1167 2253 iniquitatibus
1190 2172 1348 2235 exercitos
1368 2170 1464 2235 luisse

140 2278 288 2330 testatur.
319 2267 475 2329 Extremo
499 2269 590 2328 hrrius
607 2266 675 2328 armi
694 2287 817 2336 meuse,
834 2287 863 2326 a.
875 2268 905 2326 d.
920 2267 983 2327 tv.
1014 2265 1245 2328 Id.Decembr.
1264 2268 1369 2348 (quem
1386 2266 1465 2329 diem

137 2360 337 2424 tribunorum
358 2361 444 2440 pleb.
468 2360 603 2423 iactando
622 2358 816 2442 magistratui
836 2359 1018 2420 sollemnem
1037 2358 1134 2420 luisse
1155 2379 1196 2421 cx
1222 2358 1315 2423 Liuio
1339 2358 1396 2422 lib.
1414 2360 1460 2423 V·

25 2498 28 2505 ·
140 2475 212 2536 cap.
233 2454 265 2518 9.
289 2466 320 2516 et
337 2452 495 2532 Dionysio
518 2453 572 2515 lib.
589 2453 654 2517 Vl.
674 2474 745 2540 pap.
761 2453 815 2513 89.
838 2453 939 2533 patet)
962 2449 1003 2515 C.
1021 2451 1173 2514 Manilius
1193 2452 1353 2515 tribunatu
1372 2451 1462 2526 inito,

139 2560 215 2631 post
233 2548 387 2629 pauculos
403 2549 468 2610 dics
484 2548 637 2609 subnixus
662 2544 878 2608 libertinorum
904 2558 936 2608 et
955 2566 1120 2609 servorum
1144 2568 1236 2608 rnanu
1256 2549 1360 2630 legem
1380 2546 1476 2623 tutia,

138 2655 171 2704 ut
188 2639 345 2704 libertinis
367 2639 397 2703 io
420 2639 565 2703 omuilurs
589 2639 733 2702 tribubus
760 2639 947 2722 §suffragium
973 2653 1073 2713 esset3
1104 2651 1218 2703 auctor
1245 2639 1406 2704 Asconius
1430 2640 1462 2703 ia

138 2733 359 2800 Corneliananr
377 2746 408 2796 et
425 2733 646 2796 Milonianam.
690 2735 799 2819 Atque
821 2735 883 2795 boc
901 2733 965 2796 Dio
987 2735 1042 2797 lib.
1059 2736 1229 2798 XXXVI.
1248 2735 1300 2798 25.
1323 2736 1365 2798 ita
1384 2733 1463 2799 seri·

137 2829 202 2892 bit:
226 2831 272 2919 epi
289 2828 380 2895 ἔθνει
399 2829 443 2918 τῷ
461 2829 522 2895 τῶν
536 2822 769 2913 ἀπελευθέρων
791 2830 824 2895 i'u
842 2855 874 2893 rs
898 2831 933 2921 tp
950 2825 1068 2921 ἐσχάτῃ
1087 2830 1145 2894 τοι]
1164 2831 1256 2905 ἔτους
1272 2824 1389 2920 ἡμέρᾳ,
1410 2834 1463 2895 and

137 2918 220 3010 πρὸς
240 2916 395 3008 ἑσπέραν,
424 2917 680 3008 παρασκευάσας
711 2919 801 2999 τινὰς
829 2925 863 2986 ἐκ
890 2925 950 2988 τοῦ
976 2918 1107 3008 ὁμίλου,
1137 2924 1367 3013 ¹utapcpioaoblon
1384 2917 1464 3008 μετὰ

138 3018 199 3081 acin
227 3010 552 3103 ἐξελιυθερωσάιιιων
578 3017 668 3104 σφᾶς
696 3016 820 3082 ἔδωκεν.
864 3017 1010 3097 Quorrun
1042 3020 1213 3080 verborum
1243 3016 1417 3092 sententia,
1445 3036 1461 3079 a

137 3113 234 3174 docto
257 3109 431 3191 interprete
455 3109 613 3173 nonsatis
636 3113 717 3174 bene
736 3132 905 3192 expressa,
930 3113 1008 3183 bace
1023 3122 1088 3173 est:
1111 3109 1283 3180 Manilius
1296 3111 1464 3175 libertinis

137 3216 295 3268 extremo
317 3204 401 3266 anni
419 3203 473 3266 die
488 3205 551 3267 sub
566 3225 761 3285 uesperam,
785 3205 996 3286 comparatis
1011 3205 1183 3267 nonnullis
1198 3227 1216 3266 e
1232 3204 1461 3281 multicaulia,

136 3301 211 3380 lege
232 3300 305 3359 lata
326 3296 438 3370 alesin,
463 3310 501 3359 ut
521 3318 599 3358 cnm
617 3297 778 3378 patronis
799 3297 873 3360 suis
893 3295 1072 3384 sestragia
1081 3295 1242 3388 ferrent.

883 3450 1010 3460 ——--

237 3552 340 3613 Anno
362 3548 463 3612 Urbis
486 3551 763 3615 DCLXXXVII.
792 3550 965 3615 Ciceronis
988 3554 1083 3615 XLI.
1105 3572 1195 3614 coss.
1207 3549 1369 3641 fuerunt

188 3695 246 3767 Μ’.
278 3689 507 3765 statuatis
534 3690 772 3787 LEPIDUS,
811 3692 854 3766 L.
883 3692 1171 3768 VOLCATIUS
1200 3692 1415 3773 TULLUS.

222 3850 294 3912 Hos
310 3848 457 3910 consedes
472 3846 610 3908 nominat
626 3847 743 3910 Cicero
763 3847 792 3909 in
810 3846 904 3911 Catil.
922 3849 949 3910 1.
967 3868 1037 3929 cap.
1049 3850 1082 3910 b.
1106 3861 1138 3910 et
1154 3870 1214 3928 pro
1231 3851 1318 3913 Sulla
1340 3872 1413 3933 cap.
1429 3855 1461 3915 d.

138 3941 252 4026 qrribus
267 3940 335 4023 ipsc
351 3941 426 4003 ttat.
445 3939 595 4003 lantrariis
613 3952 792 4022 praeturam
810 3941 893 4014 iniit,
916 3963 1008 4024 quarm
1025 3943 1086 4004 hoc
1099 3963 1181 4004 antro
1200 3944 1310 4025 gessit.
1341 3945 1466 4010 Iudicat

138 4034 299 4098 Asconius
320 4034 349 4096 in
374 4033 596 4097 Cornelianum
619 4035 722 4116 princ.
756 4037 833 4112 (Ed.
852 4036 934 4098 Bait.
960 4056 993 4117 p.
1006 4037 1076 4114 59.)
1098 4037 1277 4118 Sequenti,
1302 4039 1465 4121 inquiens,

47 4168 51 4173 -
139 4148 232 4192 anno
243 4129 310 4192 Μ.
320 4128 461 4212 Lepido,
474 4131 515 4191 L.
526 4129 682 4193 Volcatio
696 4150 798 4202 coss„
809 4149 877 4212 prro
886 4149 978 4191 anno
987 4129 1355 4221 praetorCicermfuit,
1368 4154 1467 4197 reram

139 4221 335 4286 Cornelium
354 4224 424 4285 clato
433 4221 580 4313 fratres
594 4223 742 4288 Cominii
763 4226 836 4305 lege
851 4222 1012 4286 Cornelia
1032 4221 1072 4282 de
1094 4223 1273 4286 maiestate
1276 4221 1464 4313 feceruut.

139 4312 260 4379 iudicat
286 4313 365 4376 idem
390 4315 507 4380 Cicero
536 4338 597 4398 pro
618 4315 730 4382 Caelio
757 4337 829 4396 cap.
854 4321 883 4377 l.
927 4315 1004 4376 Fuit
1025 4315 1188 4378 assiduus
1214 4339 1345 4381 mecum
1363 4341 1467 4402 pm·

136 4418 211 4469 tore
227 4426 298 4466 ane:
319 4428 387 4468 non
403 4420 544 4471 noverat
559 4409 760 4474 Catilinam:
784 4409 949 4497 [dfe-icam
963 4420 1037 4470 tum
1053 4423 1195 4491 praetor
1210 4409 1265 4472 itta
1280 4412 1464 4488 obtinebat,

138 4509 277 4562 secutus
287 4511 472 4576 carcanus,
488 4523 631 4564 eausam
642 4502 682 4563 de
689 4502 844 4584 pecuniis
858 4503 1056 4583 repetundis
1064 4505 1213 4567 Catilina
1227 4504 1333 4567 dixit.
1356 4506 1467 4586 Quare

140 4591 165 4653 si
189 4589 323 4654 Catilina
348 4613 472 4655 causant
497 4596 534 4657 de
556 4594 696 4676 pecuniis
719 4593 902 4675 repetundis
924 4617 1006 4658 ιιιιιιο
1034 4609 1187 4680 sequente
1205 4596 1302 4662 Cotta
1324 4610 1357 4661 et
1378 4600 1467 4674 'Por-

140 4694 237 4767 quato
259 4703 344 4745 coss.
365 4682 461 4756 dixit,
486 4697 520 4747 ut
536 4707 575 4749 ex
593 4685 736 4750 Asconio
755 4699 785 4749 et
802 4685 947 4750 oratione
967 4710 1028 4770 pro
1047 4685 1134 4752 Sulla
1154 4691 1382 4773 cognoscitur,
1403 4690 1467 4755 biae

139 4797 240 4853 ariao,
266 4797 330 4860 qam
351 4775 401 4837 illc
420 4775 562 4840 Africam
587 4778 740 4856 obtinuit,
766 4777 883 4843 Cicero
900 4792 1034 4863 praetor
1049 4782 1173 4846 Romae
1192 4781 1273 4847 luit:
1297 4784 1386 4866 quod
1399 4781 1465 4849 Dio
