3218 5310
492 1168 1113 1286 nuunrsrsm

701 1417 882 1431 m

227 1583 310 1653 cun
339 1605 442 1668 nuper
466 1584 497 1649 io
522 1584 649 1660 libello,
687 1607 781 1670 quem
808 1586 845 1647 de
879 1582 1089 1669 chronologia
1115 1580 1218 1646 Flavii
1243 1577 1376 1674 losephi
1399 1593 1451 1647 to·

140 1688 268 1774 nuque
291 1687 442 1754 historiae
463 1691 643 1755 Hebraicae
669 1689 810 1753 editurus
835 1708 923 1764 sum,
962 1688 1156 1781 elaborando
1182 1687 1223 1748 ad
1247 1705 1283 1749 ca
1308 1696 1452 1766 tempora

140 1791 373 1875 pervenissem,
412 1791 526 1877 quibus
558 1814 610 1857 res
638 1792 827 1857 iudaeorum
861 1787 1057 1854 aRomanis
1090 1790 1229 1871 pendere
1264 1792 1453 1867 coeperunt,

140 1894 280 1978 ideoque
297 1893 371 1959 nini
395 1894 572 1961 accuratius
598 1895 815 1983 inquirendum
845 1903 927 1977 esset
950 1889 1042 1955 etiam
1066 1889 1096 1954 iu
1119 1911 1186 1953 eam
1207 1885 1358 1953 historiae
1384 1888 1455 1952 tto·

142 2016 252 2061 manac
283 2009 429 2081 partem,
463 2019 544 2082 qrrae
570 2020 588 2061 a
616 1998 773 2083 Pompeio
805 1993 1032 2074 Hierosolyma
1060 2000 1260 2075 expugnante
1292 2009 1393 2073 usque
1416 1988 1456 2050 ad

142 2099 335 2182 Vespasiani
354 2099 485 2185 'l'itiqne
503 2112 645 2184 tempora
673 2101 830 2185 pertinet,
870 2097 924 2177 vix
947 2096 1039 2160 aliter
1064 2093 1133 2158 lieri
1154 2090 1274 2177 potuit,
1305 2112 1398 2177 qrram
1421 2100 1455 2152 ut

143 2201 282 2291 animum
305 2205 343 2265 ad
365 2225 433 2268 eam
455 2226 583 2288 quoque
605 2203 820 2289 quaestionem
849 2203 1066 2274 adverterem,
1098 2217 1179 2282 quae
1207 2206 1256 2259 est
1277 2198 1316 2258 de
1338 2190 1455 2257 veteris

145 2305 321 2369 kalendarii
337 2305 475 2371 Romani
494 2308 616 2386 forma,
639 2307 739 2393 qualis
759 2304 858 2372 luerit
878 2323 936 2388 per
958 2323 1057 2372 annos
1079 2321 1192 2363 anorum
1216 2298 1254 2360 ab
1269 2297 1357 2361 Urbe
1377 2316 1455 2361 con·

146 2407 211 2471 dita
236 2410 326 2486 7⁰8„
358 2409 414 2494 qrri
432 2409 493 2475 tuit
512 2409 708 2477 contusionis
729 2397 875 2487 ultimus,
908 2405 1055 2491 proxime
1078 2403 1309 2466 antecedentes.
1354 2398 1456 2481 Quam

147 2510 273 2594 quidem
294 2511 509 2596 quaestionem
531 2535 624 2579 uerno
646 2508 795 2601 prolecto
822 2511 898 2589 erit,
939 2510 994 2597 qui
1015 2507 1176 2573 curiosam
1202 2513 1296 2588 atque
1318 2499 1456 2567 inutilem

145 2635 216 2678 esse
238 2612 368 2688 iudicet,
396 2613 422 2677 si
444 2616 639 2698 reputaverit
661 2637 789 2691 secum,
827 2624 972 2678 accurata
996 2611 1121 2677 illorum
1145 2619 1321 2690 temporum
1344 2602 1457 2691 cogui-

144 2716 232 2781 tione
254 2731 369 2801 quanta
391 2719 446 2782 lux
469 2719 590 2783 oritura
610 2719 651 2783 sit
672 2740 742 2782 cum
765 2719 850 2783 omui
863 2714 1016 2781 historiae
1031 2715 1214 2785 Romanae,
1238 2722 1302 2773 tum
1318 2708 1457 2774 innume·

143 2819 295 2883 rabilibus
318 2833 459 2885 veterum
482 2823 695 2904 scriptorum,
720 2820 887 2888 Ciceronis
910 2817 1063 2895 unanime,
1087 2815 1183 2895 loeis,
1207 2812 1261 2901 qui
1284 2834 1367 2879 nune
1387 2821 1459 2886 seint

142 2921 289 3011 difficiles
311 2935 404 3007 atque
427 2925 570 2990 obscuri.
1094 2998 1097 3007 ¹

230 3027 391 3091 loenesns
413 3040 538 3105 antem,
564 3029 613 3093 vir
632 3031 671 3092 dc
693 3029 781 3093 omni
798 3029 1011 3116 chronologia
1026 3027 1246 3094 immortaliter
1267 3032 1415 3110 meritus,·
1430 3031 1462 3097 in

144 3126 281 3215 egregio
314 3128 417 3208 libro,
454 3153 546 3216 quem
577 3130 736 3214 inscripsit
760 3133 950 3197 Handoucu
981 3134 1043 3198 der
1068 3134 1367 3200 mathematisciren
1390 3137 1463 3200 stud

144 3233 359 3297 teclmisclrert
381 3236 627 3320 chronologie‚
651 3238 739 3300 Tom
754 3238 804 3302 11.
827 3245 913 3320 pdg.
935 3238 995 3301 115
1013 3259 1085 3324 soe,
1109 3238 1305 3332 Ναιιιιξιιιιιι
1328 3239 1462 3323 merisne

145 3344 294 3412 secutos,
319 3338 457 3401 tabulam
480 3338 641 3413 exhibuit,
664 3340 834 3401 secundum
858 3359 951 3422 quam
974 3340 1137 3405 Kalendae
1156 3341 1321 3406 Ianuariae
1338 3342 1409 3406 iude
1424 3344 1463 3405 ab

148 3440 189 3500 Α.
210 3437 253 3501 U.
278 3440 352 3503 691.
378 3462 477 3525 usque
502 3445 542 3504 ad
563 3442 636 3506 709.
664 3439 694 3503 io
710 3438 807 3504 hosce
826 3441 898 3503 anni
917 3441 1032 3506 Iuliani
1055 3442 1121 3506 dies
1140 3443 1324 3509 inciderint:

274 3562 318 3622 Α.
343 3560 386 3625 U.
409 3562 482 3625 691.
509 3560 542 3624 in
563 3560 644 3627 diem
655 3561 719 3623 dt.
743 3559 855 3624 Illartii
974 3563 1044 3628 anui
1066 3574 1138 3628 aute
1160 3565 1242 3630 Chr.
1266 3567 1318 3629 63.

295 3701 309 3726 ιι
352 3702 367 3728 ιι
410 3657 485 3720 692·
528 3704 543 3730 ιι
607 3702 622 3730 ιι
687 3655 718 3716 9·
804 3701 818 3728 ιι
1008 3704 1023 3730 ιι
1086 3704 1101 3730 ιι
1184 3705 1199 3732 e
1263 3659 1316 3721 ⁶2·

293 3792 308 3820 ‚
352 3794 366 3820 „
409 3749 482 3814 693.
528 3797 542 3823 ,,
606 3797 621 3823 „
664 3750 717 3813 99.
743 3749 910 3813 Februarii
1008 3797 1025 3825 ‚‚
1088 3798 1102 3825 ‚,
1188 3799 1202 3825 „
1266 3754 1319 3815 61.

292 3886 308 3914 ιι
351 3888 365 3914 ιι
408 3843 482 3907 6919·
526 3891 540 3916 ιι
603 3889 619 3916 ιι
664 3846 714 3905 ss·
801 3887 817 3914 ιι
1007 3891 1022 3918 ιι
1085 3891 1100 3918 ιι
1182 3893 1197 3917 ιι
1263 3848 1316 3908 6⁰·

292 3981 306 4005 ιι
350 3981 364 4005 ιι
408 3935 480 4000 695·
524 3983 538 4008 ιι
602 3982 618 4009 ιι
680 3937 749 3997 1⁸¹
800 3982 815 4008 ιι
1004 3988 1020 4019 9,
1082 3984 1098 4012 ι,
1183 3986 1197 4011 ,ι
1261 3940 1316 4003 59·

469 4073 480 4093 .
525 4077 539 4103 ,,
604 4076 619 4104 „
662 4029 715 4092 99.
739 4028 875 4094 Ianuarii
1006 4078 1021 4104 „
1085 4078 1100 4105 „
1184 4077 1199 4106 „
1263 4033 1316 4096 58.

471 4124 539 4195 ιὶιι
603 4169 617 4197 ιι
661 4125 713 4185 ¹2·
799 4171 814 4198 ιι
891 4166 895 4171 ·
1004 4171 1019 4198 ιι
1082 4172 1097 4200 ιι
1182 4172 1197 4199 ιι
1263 4127 1316 4189 57·

468 4259 477 4277 ⁰
521 4261 537 4288 ιι
601 4263 615 4291 ιι
681 4223 712 4283 1·
766 4232 813 4290 ¹ss
1003 4267 1017 4291 ιι
1080 4265 1096 4294 ιι
1181 4266 1195 4292 ιι
1262 4221 1315 4283 56·

471 4352 480 4370 ·
525 4356 539 4380 .
601 4357 617 4383 „
661 4312 714 4376 99.
738 4312 924 4376 Decembris
1007 4359 1021 4385 „
1085 4359 1099 4386 „
1185 4340 1232 4386 „³
1265 4315 1317 4379 56.

603 4451 617 4478 ,,
664 4404 715 4471 19.
807 4451 821 4478 „
1005 4455 1021 4485 „
1084 4451 1099 4478 ,.
1151 4425 1198 4477 ·,,
1263 4410 1316 4473 55.

604 4545 619 4572 ιι
682 4498 713 4563 2·
801 4545 815 4572 ιι
1007 4544 1022 4569 ιι
1084 4543 1099 4570 ιι
1184 4545 1199 4569 o
1263 4502 1316 4566 59·

181 4680 210 4737 1)
240 4671 274 4724 de
294 4670 322 4723 la
342 4674 460 4741 Narra,
496 4673 522 4728 le
551 4672 704 4729 calendrler
730 4679 838 4731 romain
868 4673 964 4748 depnls
990 4673 1030 4727 les
1050 4648 1200 4727 dicemvlrs
1221 4677 1329 4750 jusqn'i
1349 4680 1374 4752 13
1395 4697 1463 4735 ως.

139 4763 249 4812 rectton
269 4757 306 4812 de
326 4756 521 4818 Jnles-Ce'sar.
549 4757 715 4834 (Mimolree
735 4762 769 4818 ds
787 4757 958 4814 l'dcsdimle
977 4758 1024 4814 des
1038 4758 1231 4833 inscriptions,
1251 4777 1320 4820 tons.
1341 4758 1463 4834 xxvt.)
