3224 5310
688 276 928 348 eustolus.
1227 319 1230 323 ·
1353 272 1356 291 '
1425 286 1465 348 15
1513 354 1517 359 ,

155 421 308 495 ordines,
340 442 393 483 me
416 417 572 484 universa
593 420 713 484 civitas
735 443 802 486 non
825 423 928 506 priua
951 423 1074 486 tabella
1094 443 1196 509 quam
1216 445 1296 487 voce
1314 426 1468 507 priorem

151 518 319 580 constalcm
347 513 545 577 declaravit.
589 513 669 576 ltens
694 517 835 598 Agraria
864 518 998 579 sectanda
1031 538 1098 598 cap.
1121 517 1151 579 2.
1196 518 1260 580 Eat
1287 516 1373 579 illuri
1392 538 1466 581 arn·

139 628 142 638 ¹
147 608 356 695 plurimum,
379 606 473 692 quod
490 609 554 671 lroc
576 609 704 670 honore
719 632 766 671 ex
783 609 880 672 novis
901 610 1094 674 bominibus
1110 609 1264 695 primurn
1283 631 1355 686 me,
1380 613 1466 674 mul·

150 703 193 766 tia
206 702 429 786 posthabitis,
458 699 642 790 affecistis3
670 702 763 787 quod
782 703 900 786 prima
920 705 1108 786 petitiones
1136 703 1227 788 quod
1254 724 1347 767 anno
1373 725 1467 767 meos

149 795 207 859 sed
224 808 340 860 tamen
360 795 640 880 magnificentius
659 807 760 881 atque
780 798 937 861 ornatius
955 820 1028 861 esse
1047 798 1106 862 illo
1122 798 1208 860 nihil
1217 809 1351 882 potest,
1375 797 1467 881 quod

149 888 231 953 meis
251 890 399 955 comitiis
424 910 492 952 non
517 891 673 953 tabellam
702 891 868 954 vindicem
895 892 1020 954 tacitae
1049 891 1234 969 libertatis,
1267 889 1329 954 secl
1352 910 1467 954 vocem

149 985 257 1049 vivam
274 1005 363 1069 prpe
383 985 478 1049 vobis
499 984 644 1047 indicem
666 996 856 1048 vestrarum
879 1007 965 1067 erga
982 1008 1035 1049 me
1053 988 1267 1050 voluntatum
1280 1008 1321 1048 ac
1335 985 1468 1050 studio·

148 1098 225 1141 rum
252 1077 394 1142 tralistia.
444 1081 564 1164 ltaque
593 1100 646 1140 mc
672 1099 739 1142 non
770 1091 928 1142 extrema
956 1080 1066 1142 tribus
1094 1078 1372 1168 suffragiorum,
1406 1080 1467 1142 sed

143 1170 250 1255 primi
275 1171 328 1236 illi
353 1171 458 1236 vestri
482 1193 685 1252 concursus;
717 1194 823 1258 neque
847 1175 1002 1258 singulae
1030 1195 1125 1236 voces
1142 1195 1373 1256 praeconum,
1406 1173 1468 1235 sed

145 1256 214 1327 una
233 1286 315 1328 voce
329 1264 510 1329 universus
527 1287 609 1348 pop.
628 1269 672 1332 ll.
695 1270 866 1330 consulem
890 1267 1087 1330 declaravit.
1134 1268 1208 1330 Hoc
1230 1288 1311 1330 anno
1332 1254 1467 1330 Cicero·

145 1378 213 1420 nem
237 1358 282 1439 Q.
305 1357 441 1423 Gallium
464 1361 502 1422 de
523 1359 640 1421 astabitis
664 1360 857 1436 tetendisse,
892 1373 925 1423 ut
947 1373 1071 1442 putem,
1104 1360 1264 1424 Asconius
1285 1360 1380 1424 lacit:
1412 1358 1466 1443 qui

143 1450 174 1514 in
195 1452 293 1515 Orat.
315 1452 348 1515 in
370 1463 444 1538 toga
467 1452 596 1515 candida
620 1451 749 1529 scribit,
773 1465 884 1536 postea
905 1454 1066 1516 defensum
1089 1474 1157 1515 esse
1180 1453 1329 1517 Gallium.
1367 1453 1467 1516 Prac-

143 1555 196 1609 tor
215 1544 325 1611 iuerat
347 1568 428 1611 anuo
449 1547 632 1630 superiore:
657 1548 719 1610 boe
743 1569 819 1611 vern
844 1559 988 1630 teuapore
1010 1549 1048 1608 de
1069 1545 1187 1609 atarbius
1209 1560 1372 1611 aestuatus
1391 1547 1464 1622 suit,
1538 1580 1544 1590 ι

142 1642 251 1723 quod,
277 1650 445 1723 praeturae
469 1639 651 1704 candidatus
673 1648 742 1702 c'um
765 1652 865 1715 esset,
899 1639 1120 1726 gladiatorium
1145 1639 1294 1704 dedisset.
1339 1641 1466 1703 Atactor

113 1746 119 1764 ⁸
140 1732 317 1798 Asconius.
351 1735 474 1798 Eodem
490 1754 571 1798 anno
586 1735 662 1798 illud
676 1733 825 1798 memoria
837 1734 963 1819 dignum
976 1734 1126 1797 accidisse
1138 1734 1400 1799 DioXXXVll.
1413 1736 1464 1796 10.

139 1826 275 1906 scribit,
305 1829 392 1912 quod
417 1826 463 1904 is,
493 1828 547 1913 qui
573 1829 679 1892 Sullae
704 1829 788 1892 iussu
815 1828 997 1892 Lucretium
1025 1830 1203 1904 occiderat,
1235 1829 1383 1902 elalius,
1412 1827 1467 1912 qui

141 1912 261 1999 multos
286 1921 488 2005 proscriptos
517 1921 735 1998 interfecerat,
765 1922 812 1986 rei
841 1923 923 1986 inter
950 1922 1084 1986 sicarius
1109 1922 1183 1985 lacti
1211 1933 1242 1984 et
1270 1919 1468 1986 condemnati

142 2004 237 2091 suisti,
260 2027 393 2079 anctore
415 2015 573 2098 inprimis
593 2017 675 2081 lulio
692 2016 852 2080 Caesare:
877 2016 929 2078 ubi
952 2018 992 2079 L.
1010 2017 1183 2078 Bellienum
1205 2028 1237 2078 et
1254 2016 1297 2079 L.
1315 2017 1463 2079 Luscium
1503 2089 1510 2099 ·

141 2107 317 2195 significari
334 2132 376 2174 cx
398 2111 541 2174 Asconio
563 2111 594 2172 in
617 2123 701 2175 orat.
720 2132 781 2192 pro
804 2111 937 2193 Ligario
958 2130 1029 2191 cap.
1051 2111 1082 2170 1.
1107 2108 1238 2191 scripsi,
1269 2109 1322 2170 ubi
1346 2107 1464 2172 Cicero

143 2203 189 2266 ait
210 2203 370 2268 Sullanam
395 2204 610 2268 crttdelitatem
633 2227 648 2266 a
673 2204 714 2270 C.
737 2210 872 2269 Caesare
901 2225 970 2266 esse
996 2202 1195 2266 vindicatam.
1242 2202 1363 2268 Cacsar
1383 2201 1463 2264 enim

139 2296 207 2359 hoc
233 2318 316 2361 anno
345 2299 376 2361 in
405 2301 583 2361 exercenda
613 2301 651 2360 de
672 2297 791 2360 sicariis
820 2299 1004 2380 quaestione
1034 2318 1089 2361 ens
1120 2318 1248 2382 quoquc
1278 2295 1465 2359 sicariorum

142 2409 277 2455 numero
300 2391 426 2467 babuit,
456 2392 508 2476 qui
531 2390 767 2474 proscriptione
792 2394 834 2454 ob
856 2393 954 2454 relata
973 2391 1087 2454 nivinus
1113 2394 1332 2456 Buritanorum
1360 2388 1464 2471 capita

138 2482 296 2565 pecunias
309 2505 350 2547 ea
369 2486 493 2548 aerario
514 2496 717 2569 acceperant,
744 2498 875 2550 astatore
892 2485 1047 2550 Suetonio
1068 2488 1097 2548 in
1111 2484 1208 2549 Caes.
1228 2506 1300 2566 cap.
1318 2487 1371 2547 11.
1401 2484 1465 2546 Eas

139 2596 224 2641 acro
244 2576 396 2661 pecunias
419 2579 471 2643 Μ.
488 2576 643 2644 Catonem
667 2591 866 2663 quaestorem
889 2600 971 2642 anuo
991 2580 1179 2661 superiore,
1207 2578 1303 2643 Cotta
1328 2588 1359 2641 et
1379 2577 1465 2640 Tor·

140 2682 239 2755 qssato
261 2692 368 2750 cusu,
389 2673 463 2737 item
486 2674 631 2758 exegisse
653 2674 844 2738 Plutarchus
866 2674 896 2736 in
918 2674 1041 2739 Catone
1065 2674 1185 2738 scribit.
1226 2677 1340 2758 Neque
1360 2674 1464 2735 solum

140 2766 206 2827 hoc
223 2778 353 2848 praeter
375 2767 554 2850 opinionem
579 2767 782 2832 nsasltitudinis
805 2769 953 2831 accidisse
967 2769 1033 2832 Dio
1054 2768 1116 2841 ait;
1141 2789 1251 2832 varstan
1271 2767 1361 2830 etiam
1378 2765 1465 2849 quod
1490 2783 1498 2803 ¹

142 2855 302 2936 Catssina,
331 2859 386 2945 qui
408 2863 581 2944 permultos
604 2883 620 2924 a
645 2863 731 2925 Sulla
754 2861 953 2949 proscriptos
977 2862 1154 2937 occiderat,
1186 2862 1217 2923 in
1240 2860 1387 2924 iudicium
1411 2861 1465 2922 ad-

141 2954 257 3018 ductus
277 2958 490 3019 etabsolutus
507 2955 580 3019 luit.
617 2957 727 3040 Atque
745 2957 808 3020 hoe
827 2969 874 3019 est
893 2955 972 3019 illud
989 2955 1155 3033 iudicium,
1179 2955 1211 3019 in
1230 2976 1294 3040 quo
1312 2951 1466 3018 Catilinae

141 3050 345 3134 Torquatum
364 3070 425 3113 non
449 3048 602 3126 adfuisse,
628 3071 696 3113 cum
716 3053 858 3112 adessent
877 3048 993 3125 ceteri,
1019 3049 1136 3116 Cicero
1151 3072 1213 3134 pro
1226 3050 1313 3113 Sulla
1327 3069 1399 3130 cap.
1414 3047 1466 3112 tu.

140 3141 228 3205 dicit.
267 3140 433 3207 Catilinam
453 3164 471 3207 a
489 3146 531 3207 L.
547 3144 687 3209 Lucullo
707 3165 795 3207 reum
816 3143 899 3205 inter
919 3143 1050 3208 sicarios
1074 3144 1201 3208 factum.
1216 3155 1291 3227 post
1309 3141 1465 3225 repulsam

140 3235 303 3300 Asconius
332 3238 453 3301 scribit.
498 3239 572 3330 Fpit
601 3238 663 3302 hoc
693 3259 775 3301 anno
804 3258 919 3301 censor
939 3239 981 3300 L.
1007 3238 1157 3301 Aracelius
1183 3236 1299 3310 Cotta,
1328 3247 1363 3298 ut
1386 3236 1466 3299 Plu·

137 3331 270 3393 tarcbus
294 3330 325 3394 in
349 3325 506 3396 Cicerone
533 3353 563 3394 e.
589 3334 641 3394 27.
666 3331 815 3395 ostendit.
861 3331 973 3416 ltaque
995 3335 1036 3395 L.
1060 3332 1157 3395 Cotta
1180 3333 1276 3394 borno
1300 3328 1464 3393 censorius

139 3422 277 3498 dicitnr,
300 3446 362 3507 pro
383 3427 479 3490 domo
504 3447 559 3488 sua
581 3447 653 3507 esp.
678 3426 729 3490 li.
772 3426 928 3487 Extremo
951 3424 1044 3488 lartius
1068 3425 1140 3486 anni
1163 3444 1268 3486 mense
1290 3423 1331 3486 Ρ.
1355 3422 1465 3486 Servi·

141 3514 202 3578 lius
217 3519 351 3596 Rullus,
375 3519 608 3602 tribunus'pl.,
630 3519 707 3583 inito
727 3517 912 3601 magistratu
936 3518 1037 3602 legem
1057 3517 1213 3601 agrariam
1233 3514 1463 3599 promulgavit,

138 3619 177 3671 ut
197 3611 368 3676 decemviri
392 3634 514 3676 summo
537 3635 606 3675 cum
629 3611 764 3694 imperio
786 3623 984 3692 crearentur,
1015 3612 1118 3697 quiin
1142 3633 1198 3675 sua
1220 3620 1378 3692 potestate
1400 3608 1467 3672 lta-

140 3702 212 3767 liam
235 3715 354 3782 totam,
379 3707 501 3788 Syriam
525 3705 703 3771 universam
727 3726 825 3789 eaque
849 3705 969 3780 oannis,
1001 3727 1081 3788 quae
1105 3706 1220 3768 virtute
1244 3701 1392 3785 Pompeii
1413 3721 1466 3764 rc·

144 3797 385 3881 cens-imperio
414 3803 562 3866 Romano
596 3799 713 3863 adiecta
732 3809 857 3873 erant,
896 3800 1072 3873 haberent3
1108 3801 1280 3863 venderent
1314 3796 1467 3883 quidquid

143 3891 307 3976 publicum
333 3895 443 3977 po'puli
471 3898 567 3959 Rom.
597 3906 697 3967 esset;
726 3892 900 3956 iudicarent
928 3895 967 3954 de
994 3893 1157 3970 omnibus,
1193 3896 1232 3955 dc
1262 3892 1375 3976 quibus
1404 3889 1465 3973 ipsi

145 3985 286 4062 sellent3
315 3987 454 4051 exstiles.
469 3987 635 4062 eiicerent,
671 3987 812 4050 colunias
841 3988 1049 4061 deducerent,
1080 3987 1244 4069 pecuuiam
1274 4008 1315 4049 ex
1339 3984 1464 4048 aerario

143 4091 314 4162 caperent,
340 4081 468 4159 milites,
492 4093 570 4165 quot
593 4103 674 4163 opus
695 4082 865 4156 haberent,
889 4080 1128 4146 conscriberent
1151 4094 1182 4144 et
1205 4082 1335 4143 alerent.
1373 4079 1464 4141 Haec

143 4172 248 4256 capita
273 4173 355 4260 legis
380 4176 524 4260 agrariae
550 4176 742 4241 Plutarchus
769 4175 798 4238 in
830 4173 988 4239 Cicerone
1016 4196 1044 4239 e.
1066 4175 1119 4237 12.
1145 4184 1308 4238 recenset:
1337 4172 1404 4254 ipse
1433 4171 1463 4233 in

143 4266 346 4331 orationibus
366 4270 457 4353 plura
477 4271 590 4347 habet,
616 4273 669 4334 sed
691 4291 772 4354 quae
794 4272 832 4332 ad
854 4271 931 4333 bace
950 4268 1139 4352 pertincant.

302 4467 405 4531 Anno
426 4467 527 4531 Urbis
548 4470 684 4533 DCXG.
708 4467 881 4533 Ciceronis
903 4469 1031 4532 XLIV.
1054 4394 1313 4556 conjecerunt

358 4591 408 4665 Μ.
437 4590 654 4677 TULLIUS
682 4591 885 4688 CICERO,
912 4593 954 4665 C.
982 4587 1251 4665 ANTONIUS.

231 4726 308 4793 Kal.
329 4728 483 4793 Ianuariis
499 4728 616 4794 Cicero
636 4751 702 4794 rem
724 4729 882 4813 publicam
905 4727 1066 4810 accepisse
1088 4728 1211 4811 plenam
1228 4721 1463 4800 sollicitudinis,

144 4824 273 4910 plenam
287 4823 421 4904 umore,
439 4823 470 4888 in
489 4843 552 4909 qua
569 4822 646 4887 nihil
667 4834 750 4890 esset
771 4824 854 4906 mali,
868 4819 946 4887 nibil
960 4819 1099 4902 adversi,
1122 4822 1209 4906 qnod
1225 4839 1290 4884 non
1306 4815 1383 4881 boni
1400 4835 1466 4879 me-
