3218 5310
684 269 923 372 msroma.
1423 277 1460 338 ιι
1500 332 1505 339 .

131 431 299 496 exponens
308 431 359 472 res
372 420 476 493 gestas
487 407 578 470 huius
592 411 664 470 anni
677 410 792 472 diserte
804 409 913 473 scribit
925 411 1125 476 LXXXVI.
1134 414 1186 476 27.
1197 415 1335 488 Praetor
1345 414 1463 480 Cicero

130 505 313 591 quiaestioui
335 506 373 565 de
397 501 537 584 pecuniis
560 507 741 584 repetundis
762 505 916 584 praefuit,
940 519 974 567 ut
997 506 1064 588 ipse
1079 529 1139 589 pro
1155 507 1288 572 Rabirio
1307 509 1463 572 Postumo

131 622 207 684 cap.
231 601 265 663 d.
289 599 330 660 ita
354 595 542 659 confitetur:
575 597 744 660 Accusavi
764 599 805 660 dc
825 599 982 680 pecuniis
1003 601 1219 682 repetundis,
1245 601 1360 664 index
1379 603 1462 677 sedi,

127 704 278 779 praetor
300 690 471 775 qaenesioi5
492 700 523 751 et
546 712 606 770 pro
631 688 785 754 Cornelio
809 691 912 773 princ.
956 696 1156 757 Posttttatttr
1176 695 1271 778 apud
1292 716 1345 759 me
1360 717 1463 778 prae·

130 801 247 853 torem
271 785 425 868 primum
453 782 495 846 de
517 784 673 864 pecuniis
702 785 909 866 repetundis.
952 786 1040 848 Idem
1063 788 1201 850 ostendit
1226 809 1287 871 pro
1312 786 1463 854 Cluentio

132 904 208 967 cap.
225 880 301 955 53„
326 877 380 942 ubi
407 877 622 961 qttaestiouetu
646 880 684 940 dc
707 879 849 960 pecuniis
870 879 1052 960 repetundis
1072 901 1173 944 samm
1193 893 1301 946 vocat.
1346 883 1464 946 Iudicia

131 976 272 1050 Cicero,
296 985 330 1036 ιιι
349 973 542 1038 Plutarchus
563 972 691 1046 scribit,
718 972 803 1033 risus
822 971 881 1034 luit
900 985 984 1035 caste
1003 975 1193 1059 integreque
1213 997 1377 1040 exercere.
1410 980 1463 1043 De

132 1069 263 1135 Licinio
285 1069 402 1132 Macro
424 1064 506 1129 idem
533 1065 702 1128 memoriae
721 1065 881 1146 proditum
904 1068 965 1143 ait,
990 1089 1081 1144 ctttu,
1106 1071 1160 1154 qui
1183 1070 1306 1152 etipse
1332 1071 1463 1133 inultum

133 1162 316 1229 incivitate
339 1172 465 1244 poterat
495 1170 527 1222 et
546 1157 666 1222 Crasso
696 1171 833 1241 patrono
856 1163 1020 1236 utehatur,
1051 1183 1121 1224 ctam
1145 1165 1184 1226 de
1206 1163 1348 1245 pecuniis
1370 1185 1464 1247 repe·

133 1256 240 1322 inndh
259 1257 344 1337 apud
361 1253 550 1319 Ciceronem
573 1265 752 1336 praetorem
773 1271 937 1318 accessurus
956 1267 1054 1329 esset,
1079 1268 1109 1318 et
1128 1255 1246 1319 iudices
1266 1259 1369 1319 adhue
1391 1278 1464 1321 sen-

133 1350 249 1416 tentias
270 1350 411 1424 ferrent,
435 1349 550 1410 Iretum
572 1368 626 1409 sun
651 1347 792 1428 potentia
813 1360 844 1410 ct
861 1349 967 1413 studio
989 1348 1160 1412 suricorum
1185 1354 1311 1413 domurn
1333 1349 1460 1426 abiisse,

133 1458 167 1510 et
185 1456 284 1527 eaput
306 1442 411 1506 statim
434 1439 629 1516 totondisse,
661 1455 848 1524 stitttptaque
872 1454 959 1506 veste
981 1464 1060 1524 pura
1082 1456 1230 1527 tanquam
1255 1442 1408 1507 victorem
1431 1444 1462 1506 iu

132 1540 244 1605 forum
262 1536 449 1603 revertisse.
481 1538 545 1599 Sed
565 1558 633 1598 cutu
651 1534 805 1610 Crassus,
828 1534 859 1599 in
883 1538 1038 1599 vestibulo
1058 1557 1250 1614 oeettrrens,
1274 1559 1345 1602 euru
1361 1539 1462 1603 omni·

133 1635 196 1697 bus
224 1631 387 1696 sententiis
415 1632 591 1693 datuuatum
619 1626 688 1692 eise
711 1629 861 1693 dixisset:
893 1651 1057 1693 reversum
1083 1630 1271 1693 decubuisse
1301 1644 1396 1716 atque
1417 1633 1461 1696 ita

131 1726 308 1805 decessisse
330 1725 427 1788 aiunt.
473 1725 563 1805 Qttae
591 1745 643 1787 res
669 1723 839 1798 Ciceroni,
871 1736 904 1786 ut
933 1723 986 1807 qui
1016 1723 1129 1786 iudicia
1160 1746 1272 1807 tttagua
1299 1748 1369 1787 cum
1392 1727 1462 1790 dili·
1534 1778 1537 1782 .

132 1819 243 1905 geniis
265 1830 450 1893 exerceret,
482 1818 617 1899 gloriam
645 1817 781 1898 peperit.
826 1820 988 1880 Hactenus
1013 1819 1204 1883 Plutarchus
1233 1840 1264 1882 c.
1286 1822 1318 1883 9.
1363 1823 1463 1885 Vale·

131 1914 202 1977 rios
220 1912 382 1977 Maximus
407 1911 463 1974 lib.
482 1912 546 1975 IX.
571 1934 642 1992 cap.
662 1912 714 1972 12.
739 1931 804 1972 retu
827 1911 923 1991 paulo
946 1911 1035 1972 aliter
1055 1922 1175 1972 narrat.
1221 1911 1339 1976 Cicero
1359 1927 1461 1977 etitem

131 2029 185 2090 ep.
204 2009 259 2070 tt.
283 2006 338 2069 lib.
356 2007 387 2069 i.
411 2007 450 2068 ad
467 2009 558 2080 Ati„
583 2026 679 2088 qttam
698 2005 761 2065 hoc
782 2025 863 2067 anno
887 2014 1017 2086 praetor
1039 2004 1184 2084 scripsit:
1217 2008 1314 2081 Nos,
1344 2005 1461 2090 inquit,

131 2101 188 2165 irie
210 2099 402 2164 incredibili
426 2121 466 2160 nc
485 2098 658 2182 singulari
678 2097 797 2180 populi
818 2099 991 2161 voluntate
1013 2096 1054 2159 de
1076 2101 1114 2160 C.
1136 2100 1265 2162 Macro
1290 2102 1462 2184 transegi·

132 2215 228 2257 muer
249 2193 403 2256 cuicum
422 2193 523 2276 oeqrti
533 2190 754 2281 fecissemus,
779 2204 893 2253 teuten
915 2194 1024 2254 multo
1047 2191 1212 2261 maiorem
1223 2191 1395 2279 fluctum
1416 2217 1462 2256 ex
1554 2196 1557 2202 ’

127 2287 254 2371 popuii
271 2287 526 2349 existimatione
547 2287 606 2348 illo
628 2286 790 2348 damnato
809 2286 979 2367 cepimus,
1003 2306 1108 2367 queam
1128 2285 1322 2367 exipsius,
1346 2286 1378 2351 si
1400 2290 1460 2351 ab·
1498 2269 1503 2287 ’

130 2385 269 2445 eoluttts
290 2393 397 2454 esset,
422 2381 540 2463 gratia
560 2380 777 2463 cepissemus.
810 2378 958 2442 Meminit
979 2379 1008 2441 in
1032 2380 1140 2441 cadem
1161 2379 1294 2461 epistola
1317 2380 1463 2444 comitio·

131 2497 205 2539 rum
236 2475 278 2555 Q.
303 2474 432 2547 fratris,
468 2474 580 2557 quihus
607 2474 657 2536 ille
688 2468 873 2536 aedilitatem
901 2471 1028 2554 petiisse
1060 2472 1223 2558 ridetur.¹
1276 2474 1350 2537 lial.
1387 2473 1458 2536 Iao.

131 2568 227 2638 buius
257 2569 330 2633 anui
356 2568 398 2633 C.
427 2567 550 2631 Manilii
579 2570 630 2630 lex
661 2570 699 2629 de
726 2567 881 2630 libertinis
910 2569 945 2631 S.
976 2565 1017 2629 C.
1047 2569 1190 2630 damnata
1218 2566 1296 2642 tuit,
1331 2579 1461 2629 attetorc

131 2663 241 2729 Dione
261 2663 433 2728 XXXVI.
464 2664 516 2725 25.
569 2662 651 2725 Tum
680 2660 849 2735 Manilius,
882 2673 914 2723 ut
941 2661 1087 2742 Pompeii
1112 2661 1246 2745 gratiam
1272 2661 1459 2744 colligeret,

130 2758 238 2842 legem
256 2756 484 2839 promulgavit,
510 2767 543 2818 ut
555 2754 724 2837 Pompeio,
749 2754 801 2837 qni
818 2767 880 2816 tum
901 2755 930 2817 in
946 2755 1050 2817 Sicilia
1067 2755 1142 2817 belli
1154 2753 1301 2818 maritimi
1314 2753 1461 2839 reliquias

131 2852 407 2935 persequebatur,
448 2849 612 2928 Bithynia,
650 2847 809 2931 Phrygia,
846 2849 1027 2928 Lycaonia,
1062 2849 1205 2923 Galatia,
1241 2847 1458 2928 Cappadocia,

132 2944 268 3019 Cilicia,
300 2943 450 3019 Colchis,
483 2944 632 3025 Artttcuia
660 2942 763 3005 tttiuor
791 2963 861 3003 cutu
888 2942 972 3004 omui
998 2944 1155 3024 apparatu
1177 2942 1253 3005 helli
1277 2941 1406 3022 piratici
1431 2953 1462 3006 st

132 3037 238 3121 copiis
254 3038 419 3111 omnihus,
444 3060 525 3123 quae
540 3040 598 3098 sub
616 3037 754 3099 Lucullo
779 3049 975 3109 tncrtreraut,
1001 3037 1180 3119 bellunique
1195 3034 1459 3111 Mithridaticum,

134 3134 222 3217 quod
250 3132 402 3194 Lucullus
429 3118 490 3192 iani
512 3131 600 3192 aunis
627 3143 745 3210 septem
774 3143 934 3223 gesserat,
968 3131 1236 3204 couttuitteretur;
1267 3131 1460 3194 Plutarchus

133 3227 162 3290 iu
184 3225 364 3306 Pompeio,
398 3225 562 3306 Appiauus
587 3225 614 3286 in
639 3223 877 3296 Mithridatico,
910 3223 974 3286 Dio
998 3225 1054 3286 lib.
1078 3225 1248 3287 XXXVI.
1272 3225 1325 3287 tt.
1370 3226 1462 3288 Hanc

134 3319 237 3404 legem
261 3320 493 3400 promulgatam
515 3319 557 3397 Q.
571 3317 703 3381 Catulus
721 3330 751 3378 ct
773 3317 980 3391 Hortensius,
1007 3317 1066 3381 viri
1089 3319 1285 3393 consulares,
1310 3321 1348 3381 de
1373 3342 1461 3384 more

135 3414 368 3485 &tiasensium
401 3412 515 3475 Cicero
546 3424 676 3492 praetor
710 3411 806 3473 suasit
836 3412 999 3485 oratioue,
1030 3433 1111 3496 qttae
1141 3433 1203 3495 pro
1233 3413 1305 3497 lege
1329 3415 1460 3477 Manilia

135 3520 256 3573 exstat:
280 3529 341 3590 qtta
363 3506 477 3568 hcllutu
499 3503 749 3568 lllilhridaticutu
772 3517 803 3567 et
826 3526 944 3588 genere
968 3506 1177 3569 necessarium
1197 3520 1228 3570 et
1247 3507 1461 3591 uraguiiudiue

136 3603 350 3686 pericttlostuu
375 3598 438 3663 Cn.
464 3599 638 3679 Pompeio,
670 3598 701 3660 in
733 3619 797 3682 quo
824 3620 943 3662 sununs
972 3613 1055 3663 esset
1080 3601 1208 3664 scientia
1231 3602 1278 3663 rei
1303 3602 1458 3677 militaris,

137 3696 255 3769 rietus,
292 3691 465 3756 atteteritas
488 3706 518 3755 et
539 3691 692 3765 iblicitas,
725 3691 994 3754 transmittendum
1023 3713 1093 3755 esse
1122 3694 1296 3775 persuasit.
1335 3695 1460 3757 Eodem

137 3812 216 3854 auno
242 3789 287 3852 Α.
316 3787 481 3850 Cluentius
508 3788 642 3859 Avitus,
673 3783 817 3848 veneficii
843 3808 860 3848 a
884 3788 926 3849 Τ.
950 3785 1029 3849 Αιίο
1050 3800 1232 3860 accttsatns,
1264 3787 1460 3852 aCiccrone

137 3898 286 3966 praetore
307 3885 390 3963 apud
412 3883 453 3961 Q.
470 3880 651 3944 Voconium
675 3880 820 3941 deleusus
842 3879 914 3943 suit.
953 3882 1089 3963 Veneno
1111 3879 1275 3942 sustulisse
1291 3902 1360 3941 eum
1381 3881 1461 3945 alios

138 3977 325 4052 nonnttllos,
351 3987 415 4038 tutu
434 3973 663 4057 Oppianicum,
690 3971 834 4035 vitricum
856 3994 963 4045 sttttm,
989 3974 1197 4054 argttcbatur.
1242 3974 1304 4034 Sed
1321 3972 1455 4052 Cicero,

138 4083 302 4154 autequam
334 4073 372 4130 ad
403 4073 464 4132 hoc
490 4068 609 4130 crimen
642 4067 762 4140 veniat,
795 4062 976 4130 Cluentium
1001 4067 1096 4147 longa
1119 4065 1303 4129 dcl'ensIooe
1325 4067 1460 4148 primum

138 4165 172 4227 tle
192 4164 274 4229 lalsa
295 4162 421 4225 inl'atnia
444 4172 572 4245 purgat.
618 4159 700 4225 Cum
724 4159 804 4221 euim
829 4158 1025 4241 Oppianicus
1047 4169 1119 4221 ante
1142 4178 1240 4220 annos
1263 4171 1359 4235 octo,
1391 4162 1460 4225 Lu·

138 4256 217 4321 collo
242 4267 274 4318 et
296 4254 394 4320 Cotta
416 4276 519 4330 coss„
554 4265 588 4316 ut
617 4274 714 4335 supra
741 4254 1042 4328 demonstravimus,
1074 4251 1268 4317 aCluentio
1295 4267 1460 4319 accusatus
1498 4295 1501 4305 ,

139 4359 167 4411 et
193 4350 419 4412 condemnatus
445 4356 547 4421 essei;
579 4346 727 4410 defensor
757 4346 823 4408 eius
846 4346 888 4410 L.
911 4347 1058 4427 Quintius
1085 4367 1152 4408 rem
1178 4345 1209 4408 in
1235 4346 1381 4411 iuvidiam
1405 4353 1461 4412 ad·

175 4525 200 4585 t)
222 4521 262 4570 Ile
283 4521 383 4589 Quinti
404 4517 545 4571 aedilitate
565 4533 674 4589 propter
695 4522 844 4591 temporis,
871 4535 900 4570 ιιι
921 4516 1043 4579 ridetur,
1071 4514 1266 4572 obscuritatem
1288 4538 1399 4594 proteus
1420 4539 1460 4574 ra-

140 4608 188 4647 ees.
230 4595 295 4647 liius
316 4598 430 4647 comitia
450 4593 572 4647 aedilitia
593 4591 718 4646 obeunda
738 4609 815 4647 erant
836 4610 930 4646 mense
950 4591 1071 4663 Quintili
1092 4598 1157 4646 anui
1177 4599 1252 4661 eim,
1281 4602 1327 4668 qui
1348 4597 1461 4650 Cicero·
1522 4588 1527 4593 ’

141 4687 196 4723 nem
214 4685 391 4743 praetorem,
416 4667 549 4741 tepidum
570 4683 596 4720 et
616 4668 730 4721 Tullum
757 4685 826 4722 ross.
848 4668 953 4721 habuit.
992 4668 1034 4719 tu
1055 4670 1177 4738 Quietus
1197 4676 1254 4725 suis
1274 4677 1353 4725 aunis
1374 4672 1460 4725 houo·

140 4761 197 4871 thes,
224 4761 283 4798 turn
310 4749 341 4798 in
361 4745 435 4799 Urbe
461 4749 648 4818 praetorium,
676 4760 734 4799 tom
760 4749 790 4797 in
815 4748 878 4798 dtis
905 4740 1103 4814 prouincialem
1128 4743 1275 4803 obtinebit.
1322 4747 1459 4801 Tonstelli

152 4819 223 4893 'pite
244 4838 272 4894 p.
293 4827 337 4879 te.
