3218 5310
168 172 231 235 080
565 168 619 230 M.
646 166 808 230 TULLII
836 162 1086 230 CICERONIS

172 313 283 375 labore
305 330 368 374 nou
391 307 502 390 luisset
523 328 620 390 opus;
652 310 707 371 sed
735 317 823 370 tanto
845 327 991 369 errorum
1014 327 1145 368 numero
1167 306 1429 384 confunduntur,
1459 321 1490 372 ot

171 426 235 468 nou
257 406 353 472 modo
375 402 496 464 litterae
518 422 579 483 pro
602 399 713 463 litteris
736 412 766 462 et
788 421 848 481 pro
872 399 979 461 verbis
995 401 1093 462 verba
1109 400 1384 480 perturbatissime
1401 401 1490 465 invo-

172 501 255 571 luta,
287 518 394 584 verum
417 493 507 558 eiiam
531 494 682 576 epistolae
704 494 735 555 in
758 494 924 576 epistolas,
952 468 1079 556 libriin
1103 493 1201 557 libros
1224 494 1269 558 sic
1292 495 1491 558 inveniantur

174 590 315 665 confusi,
347 601 488 653 nectam
512 590 677 652 doctorum
699 587 859 672 diligentia
881 591 921 650 ad
943 609 1135 651 communem
1150 588 1316 650 utilitatem
1332 588 1490 663 conlecta,

175 708 267 770 quam
290 682 544 748 avarissimorum
566 681 725 750 hominurn
747 681 917 763 cupiditate
939 681 1021 745 lucri
1043 684 1142 767 gratia
1164 680 1351 747 festinando
1375 702 1493 746 conro-

175 782 257 856 luta,
281 787 446 851 contorta,
477 775 748 857 contaminaiaque
778 777 943 839 manifeste
965 777 1142 839 videantur.
1188 777 1280 856 Quae
1308 796 1383 837 cum
1412 775 1493 838 audi·

116 915 118 918 -
173 894 241 936 rem
264 893 304 935 ex
327 871 402 935 viris
424 891 493 932 cum
516 869 718 946 doctissimis,
743 881 807 933 tum
831 870 922 933 etiam
944 869 1213 952 prudentissimis,
1237 889 1302 954 ego
1323 866 1492 951 Philippus

174 967 345 1051 Lavagua,
369 964 449 1027 civis
468 963 736 1039 Mediolanensis‚
762 977 794 1026 ut
816 984 877 1047 pro
900 963 982 1027 virili
1005 985 1071 1026 mea
1094 964 1196 1048 aliqua
1230 984 1272 1026 ex
1300 973 1396 1044 parte
1418 961 1490 1025 meis

174 1059 297 1122 civibus
318 1061 517 1140 prodessem,
542 1069 650 1120 nactus
673 1057 834 1138 exemplar
849 1056 1112 1150 correctissimum
1128 1056 1231 1121 studIo
1245 1055 1494 1139 diligentissimo

175 1152 334 1215 hominum
357 1153 498 1216 doctrina
520 1152 762 1234 praestantium,
792 1161 933 1213 trecenta
957 1150 1115 1213 volumina
1138 1151 1348 1213 exscribenda
1371 1150 1490 1224 cirrati,

75 1321 78 1324 ¹
177 1265 275 1326 opera
298 1244 455 1322 adbibita,
490 1258 523 1330 ut
553 1246 693 1327 singulae
725 1245 875 1329 paginae,
911 1257 1001 1307 antea
1028 1267 1120 1329 quatu
1143 1244 1422 1325 imprimerentur,
1456 1247 1490 1307 ab

171 1338 281 1421 aliquo
303 1341 471 1402 doctorum
494 1340 652 1422 perlectae
674 1351 778 1402 esseut
799 1350 830 1402 et
853 1340 1043 1423 castigatae3
1066 1359 1159 1422 quem
1181 1359 1246 1422 ego
1268 1339 1417 1401 laborem
1438 1336 1491 1400 nisi

58 1513 61 1518 Ι
175 1430 356 1511 profudisse
379 1432 531 1506 videbor,
554 1433 704 1516 pleraque
727 1432 756 1495 iu
779 1432 918 1495 futurum
941 1431 1173 1496 accuratissime
1189 1443 1223 1495 ut
1237 1431 1488 1495 transcribantur

174 1524 349 1601 laborabo,
384 1547 446 1590 nou
474 1526 586 1589 minori
615 1526 759 1608 publicae
787 1531 879 1611 quam
908 1547 993 1590 meae
1025 1527 1165 1589 utilitatis
1197 1525 1324 1588 ratione
1352 1536 1487 1590 servate.

174 1619 317 1681 Barbara
338 1639 408 1682 cum
431 1619 536 1682 Marci
570 1620 674 1682 verbis
707 1619 842 1681 admixta
872 1620 1000 1703 legebas
1024 1624 1036 1680 ii
1061 1621 1155 1682 Nunc
1175 1620 1248 1703 lege
1269 1621 1361 1702 qnod
1383 1639 1486 1682 rernm

174 1721 224 1776 ost
244 1713 308 1777 boc
323 1711 489 1777 Ciceronis
512 1733 593 1796 opus
618 1717 630 1772 ii
656 1713 763 1796 Virgo
786 1715 882 1774 decus
904 1713 981 1775 caeli
997 1711 1118 1777 Christi
1139 1711 1335 1776 sanctissima
1352 1721 1453 1775 mater
1473 1720 1485 1776 i

173 1805 262 1868 Laus
283 1805 343 1868 tibi
364 1827 433 1869 cum
455 1817 529 1870 nato
551 1807 590 1869 sit
610 1804 677 1869 sine
699 1805 760 1868 fine
775 1817 843 1868 tuo.
863 1804 874 1862 ll
893 1802 1246 1872 M.CCCC.LXXII.
1289 1804 1395 1869 VIII.
1419 1804 1487 1868 itt..

173 1898 386 1962 APRILES.
410 1935 451 1946 —
477 1899 582 1965 Huius
604 1901 664 1965 Ed.
701 1910 773 1963 nota
803 1919 884 1960 nrum
912 1896 984 1959 sudt
1012 1897 1071 1960 tria
1099 1896 1292 1981 exemplaria
1316 1901 1486 1975 chartacea,

177 2012 269 2055 unum
293 1996 465 2057 membran.
487 1991 519 2056 in
543 1994 627 2059 Bibl.
650 1995 736 2076 Reg.
760 1991 945 2056 Parisieosi.

212 2112 217 2120 ·
256 2121 298 2131 -
319 2122 360 2132 -
380 2091 524 2179 Romae,
554 2089 652 2158 Cour.
676 2087 913 2178 Suueyuheym
938 2091 975 2156 er
998 2089 1139 2155 Arnoid.
1171 2089 1344 2157 Panoarta
1379 2086 1487 2157 1472.

175 2181 228 2248 die
251 2182 286 2248 5.
308 2180 495 2269 Septembr.
529 2187 601 2252 Eoi.
638 2188 709 2252 mel.
739 2182 767 2268 f.
795 2181 889 2250 162.
913 2174 1092 2270 (punem
1115 2176 1261 2264 album)
1290 2203 1399 2251 verer.
1424 2181 1486 2251 38.

181 2274 276 2352 Vere.
297 2277 332 2342 1.
352 2297 432 2365 paq.
453 2278 491 2344 1:
513 2278 562 2344 M.
584 2279 656 2345 Tui.
677 2276 848 2345 Ciceronis
869 2277 913 2343 ad
933 2278 971 2343 P.
992 2279 1113 2347 Letum
1135 2275 1313 2363 impetoro
1347 2278 1409 2344 Po.
1430 2277 1486 2343 Ro

172 2362 369 2451 Eptstoie2i.
411 2370 513 2437 metu
534 2377 570 2439 iu
588 2369 727 2458 foderit.
748 2393 827 2460 pay.
847 2373 1013 2439 aduersa:
1035 2372 1085 2438 io.
1105 2372 1172 2438 Au.
1193 2372 1386 2458 Episcopus
1405 2372 1485 2438 Alo-

135 2466 142 2495 '
172 2455 249 2525 rieii
263 2456 277 2514 l
292 2466 499 2552 recoguouii.
540 2464 656 2530 Rome.
681 2464 770 2530 'I'um
785 2485 850 2529 ser
865 2465 918 2531 tili
935 2485 1071 2532 cereres:
1092 2465 1229 2551 Aspicis
1246 2466 1485 2531 illustris--

174 2554 255 2618 talio
282 2556 384 2621 mulin
414 2558 509 2621 simui
534 2564 612 2624 cete
638 2560 650 2616 it
674 2553 1000 2625 M.CCCC.LXXII.
1024 2556 1037 2615 l
1060 2557 1113 2625 dte
1140 2559 1181 2631 V.
1202 2553 1422 2644 Septembris.
1447 2586 1484 2600 -

175 2643 251 2711 RR.
272 2637 522 2734 (Cottiaeque.)
1198 2716 1204 2726 ,

257 2732 370 2797 Insunt
393 2740 529 2800 Graeca.
574 2738 682 2801 Tertia
704 2740 768 2804 Ed.
788 2741 1031 2821 Suueynbeymii
1062 2752 1094 2805 et
1115 2739 1301 2807 Panoartzii
1324 2741 1483 2804 admodum

175 2845 260 2889 rara.
304 2828 413 2892 Editio
448 2831 602 2894 nonnullis
632 2844 803 2896 memorata
832 2835 974 2911 Romae,
1013 2836 1233 2915 Suueynbeyru
1264 2847 1298 2897 et
1328 2836 1483 2899 Panoartr

174 2921 267 2982 1470.
311 2922 385 2984 Fol.
428 2925 642 3005 probabiliter
664 2946 751 2988 mero
774 2927 878 2990 errori
900 2930 1047 3004 debetur,
1081 2950 1150 2992 cum
1178 2927 1285 2991 nescio
1316 2919 1387 3012 quis
1415 2948 1483 2990 con·

172 3013 290 3168 fuderit
314 3017 401 3098 Epp.
426 3019 466 3079 ad
491 3017 650 3097 Atticum,
683 3021 822 3095 Romae,
850 3021 886 3082 S.
913 3034 944 3083 et
967 3023 1003 3085 P.
1030 3024 1123 3084 1470.
1151 3043 1220 3084 cum
1249 3022 1339 3104 Epp.
1369 3023 1409 3085 ad
1430 3021 1487 3086 Fa·

175 3128 217 3170 mr
231 3128 324 3171 iares.

255 3234 294 3248 ·-
319 3234 360 3245 -
381 3206 536 3293 Neapoli,
557 3200 823 3293 per'Arunidum
844 3212 886 3278 de
907 3214 1069 3280 Bruxeiie
1089 3207 1205 3279 1474.
1226 3208 1262 3276 7.
1281 3229 1388 3288 meus.
1404 3211 1489 3299 Aug.

171 3297 243 3363 Eoi.
285 3297 429 3386 Incipit:
465 3297 629 3369 MARCI.
664 3301 827 3371 TULLII.
860 3303 1115 3374 CICERONIS.
1146 3301 1490 3374 EPISTOLARUN.

171 3391 509 3460 EAMILIARIUM.
529 3395 679 3461 LIBER.
700 3396 890 3466 PRIMUS.
917 3398 1098 3468 INCIPIT.
1123 3400 1199 3465 AI).
1227 3394 1490 3464 LENTULUM.

172 3484 304 3550 LEGE.
331 3482 585 3553 FELICITER.
613 3490 662 3555 M.
691 3491 727 3556 T.
750 3488 917 3569 CICERO
947 3491 1157 3561 LENTULO
1185 3486 1488 3558 PROCONSULI.

173 3573 400 3644 SALUTEM
425 3575 558 3646 lliCi'l'.
601 3581 643 3649 Iu
664 3603 742 3672 paq.
769 3605 894 3654 aversa
907 3568 976 3673 «foi.
998 3589 1061 3654 ott.
1086 3589 1353 3677 pentemimerim
1374 3583 1487 3649 tuder.

173 3669 281 3736 ititit.
326 3662 522 3754 (uentae.)

260 3760 331 3825 cu.
354 3761 472 3825 Franc.
502 3764 541 3825 de
571 3700 988 3853 Lictertisbibi.1ieapoi.
1034 3773 1077 3836 T.
1100 3774 1129 3838 I.
1158 3794 1191 3856 p.
1215 3768 1290 3836 189.
1333 3767 1407 3830 Hac
1427 3769 1487 3834 Ed.

174 3873 248 3918 usus
270 3877 350 3917 sunt.

255 3983 297 3995 -
319 3983 360 3994 -
380 3952 548 4037 venetiis,
582 3954 689 4022 Nicol.
716 3959 841 4025 ieusou
871 3960 986 4029 1475.
1029 3962 1064 4029 4.
1104 3962 1131 4049 f.
1163 3962 1256 4032 196.
1286 3983 1395 4032 verer.
1424 3965 1488 4032 34.

104 4003 107 4013 ’
173 4040 484 4204 pavppraelprmae
504 4065 592 4114 ver..
612 4068 680 4129 pr.-
714 4050 764 4116 Μ.
785 4052 937 4121 rvuuu
964 4051 1489 4149 ciceronismrsroua-

257 4228 396 4291 Pulchra
419 4227 545 4294 Editio.

255 4356 295 4366 -
317 4352 358 4364 -
378 4326 578 4412 Medtoiaui,
599 4348 689 4397 nuno
710 4329 824 4399 1475.
848 4335 909 4404 12.
930 4337 1006 4404 Koi.
1028 4339 1184 4406 octobres
1205 4369 1246 4380 -
1267 4338 1333 4408 boe
1354 4359 1489 4426 opus-

175 4417 340 4501 impressit
360 4421 530 4488 Autoulus
549 4422 735 4491 Zarottbus
757 4420 865 4511 (stc).
907 4434 979 4499 Eoi.
1020 4432 1047 4519 f.
1075 4431 1167 4503 196.
1188 4453 1293 4502 rerer.
1312 4433 1381 4502 41.

260 4507 379 4590 Rrunet
401 4530 500 4574 nouv.
530 4514 744 4581 Recberches.
788 4521 828 4581 T.
852 4521 882 4583 1.
900 4543 939 4603 p.
963 4523 1038 4585 330.

111 4622 117 4629 ·
231 4634 299 4670 .-
318 4635 360 4694 .-
380 4608 453 4675 r..l.
485 4615 521 4676 et
552 4618 683 4698 typopr.
714 4633 804 4680 raone.
836 4609 1042 4700 (Veneriis)
1075 4614 1188 4686 1470.
1225 4619 1299 4686 Eoi·
1339 4619 1368 4706 s.
1399 4619 1490 4689 m.

112 4757 118 4767 ,
175 4715 263 4763 verr.
283 4693 351 4762 34.
375 4696 473 4786 Cipo.
494 4722 561 4768 o·-
568 4725 601 4792 y.
644 4703 811 4793 Iuctptts.
831 4709 851 4775 1
871 4730 913 4777 a:
937 4704 1058 4796 (ooo
1081 4715 1167 4779 omui
1187 4713 1297 4782 efficto
1318 4733 1361 4782 ao
1381 4715 1488 4802 poitur

1398 5080 1428 5113 ‘db

1391 5118 1453 5207 ᾖ

1413 5194 1418 5207 ’
1427 5196 1442 5245 't
