3218 5310
136 209 197 275 138
646 201 929 271 PRAEFATIO.

135 350 271 436 aliquam
307 346 571 415 coniurationem.
625 343 699 411 cu.
734 344 912 429 Ciceronis·
940 354 1023 408 orat.
1053 340 1185 429 primam
1215 342 1247 407 in
1275 342 1442 413 Catilinam

136 476 208 536 cap.
230 454 284 530 3.,
313 473 376 535 pro
395 453 531 517 Murena
550 472 622 533 cap.
644 449 697 513 25.
722 460 753 513 et
782 448 978 513 Gesclu‘clrte
996 449 1057 511 der
1081 448 1274 527 romiseben
1296 451 1446 535 Br's‘rger·

135 557 255 643 kriegs
283 578 358 619 υοιιι
377 552 544 647 Arpfauge
566 554 627 617 der
641 552 887 619 Gracchisclren
901 554 1063 616 Unrulren
1088 551 1139 615 bis
1159 550 1237 645 nus
1251 551 1307 617 die
1321 554 1449 619 atteia·

135 654 334 749 lrsrrsequft
362 657 422 721 des
444 658 642 740 Arsgssstus,
672 675 736 718 von
762 653 885 721 Heinr.
903 658 942 721 C.
961 652 1067 742 Reiff.
1098 655 1251 719 tom.11.
1282 677 1361 745 pag.
1382 656 1449 725 29⁰.

140 760 224 827 Cum
250 759 349 851 igitur
372 771 443 823 ante
474 760 554 824 diem
584 760 634 825 19.
658 757 812 822 Octobris
841 759 880 821 de
911 754 1065 821 Catilinae
1094 757 1315 826 coniuratione
1344 759 1378 825 io
1406 780 1451 825 st·

136 875 211 928 ustu
232 876 332 927 actum
352 884 414 927 nou
433 862 489 938 sit,
514 864 680 947 Augustus
696 861 745 925 die
765 862 818 925 73.
837 860 1031 942 Septembris
1049 873 1141 925 natus
1160 883 1312 927 essenon
1332 874 1450 949 potest.

135 968 238 1033 Immo
257 979 360 1049 patet,
389 970 553 1033 emendato
573 969 696 1033 demum
723 988 741 1029 a
763 963 901 1032 Caesare
917 962 1102 1039 kalendario
1127 963 1158 1029 in
1189 964 1271 1043 diem
1295 966 1350 1033 73.
1374 966 1450 1057 Sep·

135 1069 266 1139 tembris
279 1072 401 1135 natales
422 1068 561 1157 Augusti
581 1091 651 1135 esse
670 1071 852 1134 translatos.
897 1071 949 1135 Ex
968 1068 1083 1133 Nausii
1105 1081 1209 1135 antem
1235 1072 1393 1137 sententis
1413 1094 1449 1139 eo

137 1197 237 1251 anno,
262 1195 327 1259 qno
348 1189 440 1245 natus
463 1187 512 1239 est
532 1178 716 1261 Augustus,
741 1174 903 1239 Kalendae
924 1172 1090 1238 Ianuariae
1109 1173 1139 1237 in
1160 1175 1243 1239 diem
1265 1178 1319 1241 11.
1340 1176 1453 1245 Martii

136 1275 250 1351 Iuliani
277 1277 471 1352 inciderunt,
496 1276 538 1341 ita
560 1288 593 1339 ut
612 1297 710 1339 annm
734 1277 774 1339 73
795 1276 902 1338 diebus
923 1275 1045 1352 serius,
1075 1298 1168 1357 qrram
1195 1278 1353 1354 debebat,
1377 1278 1453 1345 iuni·

135 1392 240 1467 peret.
284 1380 363 1445 Dies
390 1392 491 1443 alitem
518 1381 569 1445 93.
596 1378 793 1463 Septembris
816 1381 987 1442 secumdum
1018 1380 1090 1443 anni
1114 1380 1268 1445 rationem
1302 1382 1451 1453 lulianam

135 1483 212 1571 ipsis
232 1486 270 1551 73
292 1483 401 1555 dicbus
432 1484 522 1548 distat
552 1506 568 1548 a
595 1484 644 1546 dic
667 1486 698 1547 5.
720 1479 921 1547 Decembris.
966 1482 1070 1548 Nonis
1094 1496 1196 1549 autem
1219 1484 1452 1563 Decembribus

138 1598 263 1675 constat
285 1609 375 1671 quam
405 1587 539 1651 maxime
568 1589 605 1650 de
631 1584 783 1652 Catilinae
811 1584 1085 1657 coniurationem
1109 1600 1219 1651 senatu
1241 1600 1347 1653 actum
1370 1608 1448 1671 cosp,

138 1703 279 1775 quiartaa
303 1688 461 1754 Cicerone
487 1688 519 1752 in
539 1711 609 1753 eum
625 1687 729 1753 babita
755 1689 914 1755 oratione.
958 1689 1078 1754 Procul
1101 1688 1199 1757 dubio
1219 1688 1322 1777 igitur
1339 1692 1454 1787 Angu-

136 1806 203 1859 sun
222 1792 326 1861 Nonis
344 1791 405 1855 illis
425 1792 656 1857 Decembribus
677 1802 766 1855 natus
790 1804 850 1857 est.
874 1826 916 1837 -
939 1790 1002 1872 Qui
1025 1813 1104 1858 vero
1127 1791 1209 1856 diem
1231 1794 1369 1859 natalem
1390 1796 1455 1859 An·

137 1895 257 1983 gustis
276 1896 326 1959 (lie
350 1897 381 1960 5.
401 1894 589 1989 Decembris
615 1893 731 1959 veteris
757 1893 928 1969 kalendarii
950 1893 980 1957 in
1003 1896 1084 1957 diem
1109 1896 1161 1959 73.
1184 1895 1386 1979 Septembris
1403 1896 1456 1987 bu·

138 1998 210 2065 liani
236 1997 412 2073 transtulit,
438 1998 556 2083 drrplici
578 2001 673 2065 modo
694 1998 830 2075 errarit,
855 1997 990 2081 primum
1008 2000 1095 2083 quod
1112 2021 1129 2061 a
1149 1996 1254 2064 Nonis
1272 1998 1456 2079 Decembri·

138 2104 197 2167 bus
220 2101 260 2165 73
278 2102 343 2165 dies
360 2114 447 2167 retro
469 2102 666 2179 numeravit,
692 2123 762 2165 eum
783 2100 814 2163 iu
837 2104 999 2165 adversam
1020 2101 1127 2183 potius
1145 2113 1270 2184 partem
1301 2114 1387 2175 esset
1405 2125 1459 2169 nu-

138 2208 338 2281 merandum,
367 2216 432 2269 tum
455 2226 534 2269 vero
558 2205 650 2270 etiam
672 2207 758 2289 quod
782 2204 898 2267 nnllam
921 2203 1074 2267 rationem
1096 2202 1206 2267 habuit
1232 2205 1353 2271 veteris
1375 2227 1460 2271 mss·

138 2306 218 2371 sium
241 2307 378 2373 formae.
419 2307 583 2373 Ianuarius
606 2308 706 2383 enim,
735 2305 877 2389 Aprilis,
908 2307 1038 2381 lunius,
1077 2306 1225 2383 Sextilis,
1260 2310 1456 2393 September,

47 2389 54 2404 .
139 2412 326 2475 November
346 2422 379 2472 et
400 2410 579 2475 December
607 2410 724 2474 veteris
748 2408 921 2473 kalendarii
946 2408 1160 2473 undetriceuis
1187 2410 1301 2479 diebus
1333 2422 1459 2477 consta·

139 2515 225 2579 bant.
268 2514 380 2595 Neque
402 2524 504 2578 tamen
525 2525 595 2591 est,
618 2516 707 2599 qnod
727 2511 868 2586 mireris,
892 2511 984 2574 talem
1012 2533 1186 2577 errorema
1206 2514 1459 2580 Romanorum·

139 2617 219 2680 mitti
249 2614 418 2699 potuisses
450 2616 526 2682 satis
556 2616 637 2683 enim
669 2627 793 2679 constat
821 2612 894 2678 anni
920 2635 936 2678 a
961 2613 1097 2680 Caesare
1124 2616 1282 2680 emendati
1304 2616 1458 2699 rationem

138 2730 200 2782 tam
223 2738 333 2801 partun
355 2716 548 2785 intellexisse
564 2722 747 2795 Romanos,
772 2731 804 2781 ut
819 2718 863 2781 A.
880 2716 923 2783 U.
948 2719 1021 2783 716.
1047 2741 1130 2783 nora
1149 2718 1355 2785 correctione
1380 2742 1459 2811 opus

137 2820 236 2886 fuerit
250 2824 272 2884 ¹.
316 2821 404 2887 Nolo
433 2833 535 2886 asttcm
569 2822 781 2898 dissimulare,
818 2844 866 2884 me
900 2820 1019 2905 ipsum,
1055 2820 1284 2904 cumprimum
1318 2826 1357 2887 ad
1383 2824 1459 2887 bane

138 2946 204 2989 rem
229 2923 366 2987 animum
384 2926 601 3003 adverterem,
626 2925 656 2988 in
677 2926 807 2989 eundem
826 2946 969 2988 errorem
991 2924 1156 3000 incidisse,
1181 2936 1212 2987 et
1234 2926 1365 2992 conlido
1386 2926 1457 2992 fore

139 3029 333 3111 permultos,
358 3027 430 3110 qui,
455 3031 526 3093 dum
552 3032 632 3093 haee
654 3030 778 3115 legant,
814 3027 994 3113 ambigant,
1018 3041 1121 3092 utrum
1149 3026 1251 3091 Nonis
1273 3026 1459 3095 Decembri-

138 3132 199 3199 bus
218 3131 349 3194 adtlendi
369 3131 485 3195 fuerint
515 3132 554 3197 73
569 3132 652 3208 dies,
688 3154 726 3195 an
749 3132 951 3208 detrahendi,
983 3144 1016 3193 ut
1038 3131 1104 3194 dies
1127 3132 1269 3217 Augusti
1288 3132 1403 3197 natalis
1423 3118 1459 3195 'at

138 3234 272 3298 formam
297 3235 368 3298 anni
394 3236 548 3301 lulianam
572 3240 790 3301 reduceretur.
835 3234 886 3297 Eo
903 3247 1005 3298 antem
1028 3234 1150 3298 facilius
1170 3234 1275 3299 errori
1298 3236 1392 3300 loeus
1412 3238 1461 3301 da·

139 3340 189 3399 tus
212 3348 296 3412 erat,
321 3340 407 3423 quod
429 3340 500 3402 inde
522 3341 561 3403 ab
587 3340 630 3402 A.
649 3340 692 3403 U.
717 3338 810 3414 699,
836 3337 907 3421 quia
932 3359 1030 3402 anurrs
1052 3337 1142 3423 prius
1159 3336 1342 3422 incipiebat,
1369 3362 1459 3423 ιΙιιιιιιι

139 3440 289 3513 debebat,
326 3440 454 3506 omniuo
479 3440 695 3505 subtractione
717 3463 797 3523 opus
819 3454 903 3517 erat,
933 3442 1047 3526 siquis
1070 3462 1175 3504 veram
1200 3440 1272 3506 anui
1300 3442 1455 3508 rationem

138 3540 281 3605 invenire
306 3543 414 3606 vellet.
469 3543 567 3625 Qriod
591 3566 684 3609 secus
712 3544 771 3606 fuit
804 3544 848 3607 A.
885 3545 928 3609 U.
954 3545 1048 3619 691,
1086 3544 1140 3607 ubi
1171 3544 1209 3607 73
1236 3544 1304 3609 dies
1330 3546 1460 3610 addendi

139 3655 243 3711 erant.
288 3646 401 3709 Nonae
423 3646 520 3732 igitur
542 3647 737 3712 Decembres
754 3647 798 3711 A.
818 3648 860 3712 U.
883 3648 956 3710 691.
980 3645 1012 3709 in
1031 3646 1110 3711 diem
1137 3649 1168 3710 7.
1196 3646 1369 3712 Februarii
1392 3648 1460 3713 anni

138 3759 211 3811 ante
238 3746 399 3812 Christum
423 3762 527 3812 natum
544 3750 596 3815 67.
617 3748 807 3826 inciderunt,
832 3751 886 3835 qui
908 3771 1002 3813 verns
1015 3748 1154 3835 Augusti
1168 3751 1278 3840 natalis
1297 3752 1457 3817 habendus

139 3861 197 3914 est.
240 3851 326 3915 Huic
348 3862 449 3915 autem
470 3852 530 3917 diei
553 3854 670 3935 optlme
693 3852 885 3917 conveniunt
905 3852 996 3916 etiam
1021 3875 1075 3929 ea,
1106 3875 1189 3937 quiae
1208 3855 1247 3917 de
1270 3856 1458 3939 horoscopo

139 3952 279 4037 Augusti
303 3977 319 4016 a
341 3954 495 4018 Suetonio
521 3969 700 4019 narrantur.
753 3956 868 4019 Mense
896 3954 976 4019 cuim
999 3956 1177 4020 Februario
1200 3957 1268 4022 sole
1291 3958 1455 4043 aquarium

141 4055 302 4121 obtinente
329 4054 533 4140 capricornus
551 4058 662 4141 paullo
682 4070 753 4122 ante
777 4060 876 4122 solem
896 4058 1054 4122 exoritur.

225 4160 315 4239 Quae
345 4182 415 4223 cunr
448 4160 490 4224 ita
523 4160 608 4238 sint,
652 4159 725 4225 mibi
753 4162 878 4245 qrridem
915 4160 1078 4225 verissime
1108 4162 1302 4226 contendere
1336 4162 1461 4228 videtur

141 4260 303 4338 Nsuzius,
329 4265 478 4328 abA.U.
489 4264 563 4329 691.
585 4266 738 4349 usquead
754 4264 827 4327 708.
850 4264 947 4328 semel
968 4262 1184 4327 intercalatum
1200 4284 1290 4342 esse,
1314 4265 1450 4357 ideoque

139 4364 183 4427 A.
209 4364 282 4428 691.
312 4366 469 4430 Kalendas
500 4365 662 4430 Ianuarias
693 4365 838 4431 incidisse
868 4370 901 4430 in
931 4366 1010 4429 diem
1044 4368 1096 4428 ll.
1128 4367 1254 4431 Martii.
1316 4370 1386 4433 Nec
1413 4380 1457 4435 est

139 4464 172 4527 ia
195 4475 245 4530 tot
271 4464 437 4533 Ciceronis
460 4468 600 4551 epistolis
624 4491 701 4546 ιιιιιι,
740 4491 821 4555 quae
851 4470 923 4532 buic
955 4468 1128 4534 sententiae
1157 4483 1329 4559 repugnet.
1373 4474 1453 4537 Nam

217 4578 891 4594 -.εει-,ια--ι-ηο--ι--ι--ῇ-ι
1092 4584 1145 4591 -ι-
1158 4584 1455 4596 --ι-ω-...ψ

180 4613 209 4674 1)
229 4606 288 4663 cn.
306 4612 432 4666 Marrob.
453 4614 564 4673 sarum.
585 4616 628 4678 1.,
659 4618 704 4673 s-t·
744 4613 860 4669 bueron.
882 4614 980 4669 Octsr.
1001 4621 1047 4677 51.
1103 4615 1191 4671 Solln.
1224 4632 1287 4688 rap.
1311 4626 1337 4676 1.
1380 4620 1459 4674 Pllnil

140 4684 239 4741 histor.
261 4686 718 4756 nsrnr.xv111‚57.erldetert
738 4689 905 4765 chronolog.
928 4706 995 4747 torn.
1021 4692 1057 4745 ll·
1081 4706 1141 4767 pag.
1157 4696 1210 4751 ¹50
1235 4709 1312 4765 seqq.
