<?xml version="1.0" encoding="UTF-8"?>
<!DOCTYPE html PUBLIC "-//W3C//DTD XHTML 1.0 Transitional//EN"
    "http://www.w3.org/TR/xhtml1/DTD/xhtml1-transitional.dtd">
<html xmlns="http://www.w3.org/1999/xhtml" xml:lang="en" lang="en">
 <head>
  <title>
</title>
<meta http-equiv="Content-Type" content="text/html;charset=utf-8" />
  <meta name='ocr-system' content='tesseract 3.04.00' />
  <meta name='ocr-capabilities' content='ocr_page ocr_carea ocr_par ocr_line ocrx_word'/>
</head>
<body>
  <div class='ocr_page' id='page_1' title='image "./operaquaesupers07halmgoog_0017.png"; bbox 0 0 3218 5310; ppageno 0'>
   <div class='ocr_carea' id='block_1_1' title="bbox 185 276 1104 344">
    <p class='ocr_par' dir='ltr' id='par_1_1' title="bbox 185 276 1104 344">
     <span class='ocr_line' id='line_1_1' title="bbox 185 276 1104 344; baseline 0.005 -7"><span class='ocrx_word' id='word_1_1' title='bbox 185 277 203 337; x_wconf 90' lang='lat' dir='ltr'><em>b</em></span> <span class='ocrx_word' id='word_1_2' title='bbox 585 279 637 341; x_wconf 82' lang='lat' dir='ltr'><em>M.</em></span> <span class='ocrx_word' id='word_1_3' title='bbox 662 278 823 342; x_wconf 82' lang='lat' dir='ltr'>TULLII</span> <span class='ocrx_word' id='word_1_4' title='bbox 853 276 1104 344; x_wconf 80' lang='lat' dir='ltr'>CICERONIS</span> 
     </span>
    </p>
   </div>
   <div class='ocr_carea' id='block_1_2' title="bbox 160 417 1504 1445">
    <p class='ocr_par' dir='ltr' id='par_1_2' title="bbox 160 417 1504 1445">
     <span class='ocr_line' id='line_1_2' title="bbox 160 417 1503 507; baseline 0.005 -28"><span class='ocrx_word' id='word_1_5' title='bbox 160 417 297 507; x_wconf 78' lang='lat' dir='ltr'><em>¹sistulit.</em></span> <span class='ocrx_word' id='word_1_6' title='bbox 353 420 413 482; x_wconf 90' lang='lat' dir='ltr'><em>Ilis</em></span> <span class='ocrx_word' id='word_1_7' title='bbox 443 419 624 482; x_wconf 90' lang='lat' dir='ltr'><em>consulibus</em></span> <span class='ocrx_word' id='word_1_8' title='bbox 654 420 805 483; x_wconf 83' lang='lat' dir='ltr'><em>Archiam</em></span> <span class='ocrx_word' id='word_1_9' title='bbox 844 424 973 502; x_wconf 65' lang='lat' dir='ltr'><em>politam</em></span> <span class='ocrx_word' id='word_1_10' title='bbox 1002 424 1135 484; x_wconf 84' lang='lat' dir='ltr'><em>Roruam</em></span> <span class='ocrx_word' id='word_1_11' title='bbox 1167 422 1290 485; x_wconf 75' lang='lat' dir='ltr'><em>vertisse</em></span> <span class='ocrx_word' id='word_1_12' title='bbox 1323 422 1440 487; x_wconf 90' lang='lat' dir='ltr'><em>Cicero</em></span> <span class='ocrx_word' id='word_1_13' title='bbox 1471 425 1503 486; x_wconf 92' lang='lat' dir='ltr'><em>in</em></span> 
     </span>
     <span class='ocr_line' id='line_1_3' title="bbox 184 513 1502 599; baseline 0.002 -23"><span class='ocrx_word' id='word_1_14' title='bbox 184 513 327 576; x_wconf 85' lang='lat' dir='ltr'><em>oratione</em></span> <span class='ocrx_word' id='word_1_15' title='bbox 351 537 411 595; x_wconf 88' lang='lat' dir='ltr'><em>pro</em></span> <span class='ocrx_word' id='word_1_16' title='bbox 435 514 600 577; x_wconf 88' lang='lat' dir='ltr'><em>cohabita</em></span> <span class='ocrx_word' id='word_1_17' title='bbox 624 516 749 589; x_wconf 83' lang='lat' dir='ltr'><strong>scribit,</strong></span> <span class='ocrx_word' id='word_1_18' title='bbox 774 517 895 596; x_wconf 79' lang='lat' dir='ltr'><em>cap.3‚</em></span> <span class='ocrx_word' id='word_1_19' title='bbox 923 518 972 577; x_wconf 75' lang='lat' dir='ltr'><em>5.s</em></span> <span class='ocrx_word' id='word_1_20' title='bbox 997 529 1026 576; x_wconf 90' lang='lat' dir='ltr'><em>ct</em></span> <span class='ocrx_word' id='word_1_21' title='bbox 1050 516 1149 591; x_wconf 85' lang='lat' dir='ltr'><em>addit,</em></span> <span class='ocrx_word' id='word_1_22' title='bbox 1172 516 1257 578; x_wconf 90' lang='lat' dir='ltr'><em>illum</em></span> <span class='ocrx_word' id='word_1_23' title='bbox 1280 518 1340 579; x_wconf 92' lang='lat' dir='ltr'><em>sibi</em></span> <span class='ocrx_word' id='word_1_24' title='bbox 1361 539 1377 578; x_wconf 94' lang='lat' dir='ltr'><em>a</em></span> <span class='ocrx_word' id='word_1_25' title='bbox 1401 519 1502 599; x_wconf 89' lang='lat' dir='ltr'><em>prima</em></span> 
     </span>
     <span class='ocr_line' id='line_1_4' title="bbox 182 607 1500 690; baseline 0.003 -22"><span class='ocrx_word' id='word_1_26' title='bbox 182 607 314 687; x_wconf 88' lang='lat' dir='ltr'><em>pucritia</em></span> <span class='ocrx_word' id='word_1_27' title='bbox 339 609 512 689; x_wconf 88' lang='lat' dir='ltr'><em>principem</em></span> <span class='ocrx_word' id='word_1_28' title='bbox 536 612 572 670; x_wconf 89' lang='lat' dir='ltr'><em>ad</em></span> <span class='ocrx_word' id='word_1_29' title='bbox 597 608 823 690; x_wconf 79' lang='lat' dir='ltr'>suscipiendam</span> <span class='ocrx_word' id='word_1_30' title='bbox 848 621 879 668; x_wconf 89' lang='lat' dir='ltr'><em>et</em></span> <span class='ocrx_word' id='word_1_31' title='bbox 901 607 1500 690; x_wconf 60' lang='grc'><strong>1111111311111111111111111110101113110111111</strong></span> 
     </span>
     <span class='ocr_line' id='line_1_5' title="bbox 182 701 1500 783; baseline 0.004 -22"><span class='ocrx_word' id='word_1_32' title='bbox 182 703 357 763; x_wconf 87' lang='lat' dir='ltr'><em>studiorum</em></span> <span class='ocrx_word' id='word_1_33' title='bbox 382 703 550 765; x_wconf 73' lang='lat' dir='ltr'><strong>exstitisse.</strong></span> <span class='ocrx_word' id='word_1_34' title='bbox 596 705 678 766; x_wconf 87' lang='lat' dir='ltr'><em>Usus</em></span> <span class='ocrx_word' id='word_1_35' title='bbox 708 704 788 764; x_wconf 89' lang='lat' dir='ltr'><em>enim</em></span> <span class='ocrx_word' id='word_1_36' title='bbox 817 702 876 763; x_wconf 86' lang='lat' dir='ltr'><em>fnit</em></span> <span class='ocrx_word' id='word_1_37' title='bbox 901 701 1018 764; x_wconf 89' lang='lat' dir='ltr'><em>Cicero</em></span> <span class='ocrx_word' id='word_1_38' title='bbox 1045 724 1126 783; x_wconf 90' lang='lat' dir='ltr'><em>puer</em></span> <span class='ocrx_word' id='word_1_39' title='bbox 1147 703 1281 765; x_wconf 89' lang='lat' dir='ltr'><em>Graecis</em></span> <span class='ocrx_word' id='word_1_40' title='bbox 1304 705 1500 779; x_wconf 86' lang='lat' dir='ltr'><em>doctoribus,</em></span> 
     </span>
     <span class='ocr_line' id='line_1_6' title="bbox 182 795 1504 879; baseline 0.005 -26"><span class='ocrx_word' id='word_1_41' title='bbox 182 798 268 879; x_wconf 80' lang='lat' dir='ltr'><em>qriod</em></span> <span class='ocrx_word' id='word_1_42' title='bbox 291 797 357 877; x_wconf 88' lang='lat' dir='ltr'><em>ipse</em></span> <span class='ocrx_word' id='word_1_43' title='bbox 380 797 408 858; x_wconf 93' lang='lat' dir='ltr'><em>in</em></span> <span class='ocrx_word' id='word_1_44' title='bbox 432 797 588 878; x_wconf 61' lang='lat' dir='ltr'><em>episto-acl</em></span> <span class='ocrx_word' id='word_1_45' title='bbox 611 799 663 859; x_wconf 84' lang='lat' dir='ltr'><em>M.</em></span> <span class='ocrx_word' id='word_1_46' title='bbox 688 796 857 870; x_wconf 60' lang='lat' dir='ltr'><em>titinium,</em></span> <span class='ocrx_word' id='word_1_47' title='bbox 885 795 1042 858; x_wconf 77' lang='lat' dir='ltr'><em>referente</em></span> <span class='ocrx_word' id='word_1_48' title='bbox 1065 797 1218 860; x_wconf 85' lang='lat' dir='ltr'><em>Suetonio</em></span> <span class='ocrx_word' id='word_1_49' title='bbox 1241 800 1279 860; x_wconf 89' lang='lat' dir='ltr'><em>de</em></span> <span class='ocrx_word' id='word_1_50' title='bbox 1301 798 1394 861; x_wconf 87' lang='lat' dir='ltr'><em>claris</em></span> <span class='ocrx_word' id='word_1_51' title='bbox 1418 801 1504 863; x_wconf 88' lang='lat' dir='ltr'><em>Rbe-</em></span> 
     </span>
     <span class='ocr_line' id='line_1_7' title="bbox 181 891 1504 973; baseline 0.001 -21"><span class='ocrx_word' id='word_1_52' title='bbox 181 891 304 953; x_wconf 87' lang='lat' dir='ltr'><em>toribns</em></span> <span class='ocrx_word' id='word_1_53' title='bbox 335 913 406 972; x_wconf 88' lang='lat' dir='ltr'><em>cap.</em></span> <span class='ocrx_word' id='word_1_54' title='bbox 432 891 460 957; x_wconf 74' lang='grc'><em>9.</em></span> <span class='ocrx_word' id='word_1_55' title='bbox 491 891 532 952; x_wconf 89' lang='lat' dir='ltr'><em>ita</em></span> <span class='ocrx_word' id='word_1_56' title='bbox 555 891 701 973; x_wconf 76' lang='lat' dir='ltr'>scripsit:</span> <span class='ocrx_word' id='word_1_57' title='bbox 732 891 898 973; x_wconf 73' lang='lat' dir='ltr'><em>Equidem</em></span> <span class='ocrx_word' id='word_1_58' title='bbox 928 891 1094 953; x_wconf 79' lang='lat' dir='ltr'><em>nzernoria</em></span> <span class='ocrx_word' id='word_1_59' title='bbox 1123 903 1237 966; x_wconf 77' lang='lat' dir='ltr'><em>terreo,</em></span> <span class='ocrx_word' id='word_1_60' title='bbox 1265 893 1386 973; x_wconf 87' lang='lat' dir='ltr'><em>pueris</em></span> <span class='ocrx_word' id='word_1_61' title='bbox 1407 894 1504 954; x_wconf 87' lang='lat' dir='ltr'><em>nobis</em></span> 
     </span>
     <span class='ocr_line' id='line_1_8' title="bbox 179 984 1503 1069; baseline 0.004 -26"><span class='ocrx_word' id='word_1_62' title='bbox 179 985 329 1064; x_wconf 89' lang='lat' dir='ltr'><em>primum</em></span> <span class='ocrx_word' id='word_1_63' title='bbox 352 986 473 1049; x_wconf 89' lang='lat' dir='ltr'><em>Latiae</em></span> <span class='ocrx_word' id='word_1_64' title='bbox 493 988 613 1048; x_wconf 88' lang='lat' dir='ltr'><em>docere</em></span> <span class='ocrx_word' id='word_1_65' title='bbox 634 985 785 1067; x_wconf 86' lang='lat' dir='ltr'><em>coepisse</em></span> <span class='ocrx_word' id='word_1_66' title='bbox 809 989 849 1046; x_wconf 89' lang='lat' dir='ltr'><em>L.</em></span> <span class='ocrx_word' id='word_1_67' title='bbox 868 984 1016 1047; x_wconf 79' lang='lat' dir='ltr'><em>Plotium</em></span> <span class='ocrx_word' id='word_1_68' title='bbox 1037 984 1223 1067; x_wconf 70' lang='lat' dir='ltr'><em>praendams</em></span> <span class='ocrx_word' id='word_1_69' title='bbox 1243 986 1290 1046; x_wconf 86' lang='lat' dir='ltr'><em>cd</em></span> <span class='ocrx_word' id='word_1_70' title='bbox 1310 1009 1410 1069; x_wconf 75' lang='lat' dir='ltr'><em>pacem</em></span> <span class='ocrx_word' id='word_1_71' title='bbox 1426 1009 1503 1048; x_wconf 83' lang='lat' dir='ltr'><em>eura</em></span> 
     </span>
     <span class='ocr_line' id='line_1_9' title="bbox 173 1077 1503 1164; baseline 0.004 -24"><span class='ocrx_word' id='word_1_72' title='bbox 173 1079 284 1156; x_wconf 81' lang='lat' dir='ltr'><em>fieret</em></span> <span class='ocrx_word' id='word_1_73' title='bbox 306 1101 509 1151; x_wconf 75' lang='lat' dir='ltr'><em>conr-rosus,</em></span> <span class='ocrx_word' id='word_1_74' title='bbox 539 1080 630 1164; x_wconf 81' lang='lat' dir='ltr'><em>quod</em></span> <span class='ocrx_word' id='word_1_75' title='bbox 655 1077 925 1140; x_wconf 76' lang='lat' dir='ltr'><em>studiosissimus</em></span> <span class='ocrx_word' id='word_1_76' title='bbox 951 1077 1091 1160; x_wconf 79' lang='lat' dir='ltr'><em>puispue</em></span> <span class='ocrx_word' id='word_1_77' title='bbox 1113 1079 1207 1160; x_wconf 71' lang='lat' dir='ltr'><em>aprrtd</em></span> <span class='ocrx_word' id='word_1_78' title='bbox 1228 1101 1305 1140; x_wconf 80' lang='lat' dir='ltr'><em>eiam</em></span> <span class='ocrx_word' id='word_1_79' title='bbox 1325 1103 1503 1145; x_wconf 80' lang='lat' dir='ltr'><em>exercere-</em></span> 
     </span>
     <span class='ocr_line' id='line_1_10' title="bbox 181 1171 1504 1247; baseline 0.002 -13"><span class='ocrx_word' id='word_1_80' title='bbox 181 1186 258 1247; x_wconf 87' lang='lat' dir='ltr'><em>tur,</em></span> <span class='ocrx_word' id='word_1_81' title='bbox 282 1174 435 1241; x_wconf 79' lang='lat' dir='ltr'><strong><em>dolebam</em></strong></span> <span class='ocrx_word' id='word_1_82' title='bbox 459 1175 542 1236; x_wconf 85' lang='lat' dir='ltr'><em>mibi</em></span> <span class='ocrx_word' id='word_1_83' title='bbox 563 1174 652 1235; x_wconf 89' lang='lat' dir='ltr'><em>idem</em></span> <span class='ocrx_word' id='word_1_84' title='bbox 673 1193 740 1234; x_wconf 90' lang='lat' dir='ltr'><em>non</em></span> <span class='ocrx_word' id='word_1_85' title='bbox 764 1172 877 1234; x_wconf 90' lang='lat' dir='ltr'><em>licere.</em></span> <span class='ocrx_word' id='word_1_86' title='bbox 922 1171 1126 1233; x_wconf 87' lang='lat' dir='ltr'><em>Continebar</em></span> <span class='ocrx_word' id='word_1_87' title='bbox 1148 1185 1263 1234; x_wconf 82' lang='lat' dir='ltr'><em>aretem</em></span> <span class='ocrx_word' id='word_1_88' title='bbox 1288 1173 1504 1237; x_wconf 85' lang='lat' dir='ltr'><em>doctissimo·</em></span> 
     </span>
     <span class='ocr_line' id='line_1_11' title="bbox 181 1262 1502 1349; baseline 0.002 -21"><span class='ocrx_word' id='word_1_89' title='bbox 181 1291 258 1329; x_wconf 82' lang='lat' dir='ltr'><em>rann</em></span> <span class='ocrx_word' id='word_1_90' title='bbox 280 1269 455 1330; x_wconf 81' lang='lat' dir='ltr'><em>bominum</em></span> <span class='ocrx_word' id='word_1_91' title='bbox 476 1269 700 1338; x_wconf 75' lang='lat' dir='ltr'><em>(erectoritate‚</em></span> <span class='ocrx_word' id='word_1_92' title='bbox 731 1265 789 1349; x_wconf 78' lang='lat' dir='ltr'><em>pai</em></span> <span class='ocrx_word' id='word_1_93' title='bbox 814 1265 1058 1327; x_wconf 78' lang='lat' dir='ltr'><em>existimabant</em></span> <span class='ocrx_word' id='word_1_94' title='bbox 1078 1266 1219 1329; x_wconf 82' lang='lat' dir='ltr'><em>Graecis</em></span> <span class='ocrx_word' id='word_1_95' title='bbox 1243 1262 1502 1331; x_wconf 70' lang='lat' dir='ltr'><em>exlrcilationi-</em></span> 
     </span>
     <span class='ocr_line' id='line_1_12' title="bbox 182 1362 748 1445; baseline -0.005 -20"><span class='ocrx_word' id='word_1_96' title='bbox 182 1364 245 1425; x_wconf 89' lang='lat' dir='ltr'><em>bus</em></span> <span class='ocrx_word' id='word_1_97' title='bbox 266 1362 314 1425; x_wconf 86' lang='lat' dir='ltr'><em>oli</em></span> <span class='ocrx_word' id='word_1_98' title='bbox 335 1362 453 1425; x_wconf 83' lang='lat' dir='ltr'><em>arelius</em></span> <span class='ocrx_word' id='word_1_99' title='bbox 476 1362 615 1445; x_wconf 77' lang='lat' dir='ltr'><em>ingenia</em></span> <span class='ocrx_word' id='word_1_100' title='bbox 633 1384 748 1443; x_wconf 84' lang='lat' dir='ltr'><em>posse.</em></span> 
     </span>
    </p>
   </div>
   <div class='ocr_carea' id='block_1_3' title="bbox 364 1576 1320 1831">
    <p class='ocr_par' dir='ltr' id='par_1_3' title="bbox 364 1576 1320 1831">
     <span class='ocr_line' id='line_1_13' title="bbox 364 1576 1320 1675; baseline -0.003 -23"><span class='ocrx_word' id='word_1_101' title='bbox 364 1591 465 1652; x_wconf 77' lang='lat' dir='ltr'><em>Anno</em></span> <span class='ocrx_word' id='word_1_102' title='bbox 487 1588 586 1650; x_wconf 88' lang='lat' dir='ltr'><em>Urbis</em></span> <span class='ocrx_word' id='word_1_103' title='bbox 609 1590 749 1651; x_wconf 85' lang='lat' dir='ltr'><em>DCLll.</em></span> <span class='ocrx_word' id='word_1_104' title='bbox 774 1586 947 1650; x_wconf 78' lang='lat' dir='ltr'><em>Ciceronis</em></span> <span class='ocrx_word' id='word_1_105' title='bbox 968 1576 1032 1652; x_wconf 69' lang='lat' dir='ltr'><em>VI.</em></span> <span class='ocrx_word' id='word_1_106' title='bbox 1061 1607 1150 1648; x_wconf 89' lang='lat' dir='ltr'><em>coss.</em></span> <span class='ocrx_word' id='word_1_107' title='bbox 1160 1584 1320 1675; x_wconf 87' lang='lat' dir='ltr'><em>fuerunt</em></span> 
     </span>
     <span class='ocr_line' id='line_1_14' title="bbox 463 1729 1220 1831; baseline -0.001 -27"><span class='ocrx_word' id='word_1_108' title='bbox 463 1731 505 1804; x_wconf 81' lang='lat' dir='ltr'><em>C.</em></span> <span class='ocrx_word' id='word_1_109' title='bbox 533 1730 723 1806; x_wconf 81' lang='lat' dir='ltr'><strong>MARIUS</strong></span> <span class='ocrx_word' id='word_1_110' title='bbox 751 1731 818 1825; x_wconf 60' lang='grc' dir='ltr'><em>Μ,</em></span> <span class='ocrx_word' id='word_1_111' title='bbox 847 1731 907 1803; x_wconf 82' lang='grc' dir='ltr'><em>Μ’.</em></span> <span class='ocrx_word' id='word_1_112' title='bbox 935 1729 1220 1831; x_wconf 78' lang='lat' dir='ltr'><em>AQU1LL1US.</em></span> 
     </span>
    </p>
   </div>
   <div class='ocr_carea' id='block_1_4' title="bbox 94 1886 1511 4601">
    <p class='ocr_par' dir='ltr' id='par_1_4' title="bbox 94 1886 1511 4601">
     <span class='ocr_line' id='line_1_15' title="bbox 264 1886 1503 1970; baseline -0.002 -16"><span class='ocrx_word' id='word_1_113' title='bbox 264 1889 362 1954; x_wconf 88' lang='lat' dir='ltr'><em>Marii</em></span> <span class='ocrx_word' id='word_1_114' title='bbox 397 1891 429 1955; x_wconf 90' lang='lat' dir='ltr'><em>in</em></span> <span class='ocrx_word' id='word_1_115' title='bbox 464 1888 573 1970; x_wconf 80' lang='lat' dir='ltr'><em>qriinto</em></span> <span class='ocrx_word' id='word_1_116' title='bbox 605 1888 768 1952; x_wconf 87' lang='lat' dir='ltr'><em>consulatu</em></span> <span class='ocrx_word' id='word_1_117' title='bbox 800 1886 923 1968; x_wconf 75' lang='lat' dir='ltr'>collega</span> <span class='ocrx_word' id='word_1_118' title='bbox 953 1886 1010 1964; x_wconf 78' lang='grc'><strong>11111</strong></span> <span class='ocrx_word' id='word_1_119' title='bbox 1042 1887 1170 1949; x_wconf 84' lang='lat' dir='ltr'><em>Manius</em></span> <span class='ocrx_word' id='word_1_120' title='bbox 1200 1886 1373 1970; x_wconf 82' lang='lat' dir='ltr'><em>Aquillius.</em></span> <span class='ocrx_word' id='word_1_121' title='bbox 1417 1889 1503 1952; x_wconf 84' lang='lat' dir='ltr'><em>Ilinc</em></span> 
     </span>
     <span class='ocr_line' id='line_1_16' title="bbox 179 1980 1502 2066; baseline -0.002 -16"><span class='ocrx_word' id='word_1_122' title='bbox 179 1986 337 2051; x_wconf 88' lang='lat' dir='ltr'><em>Antonius</em></span> <span class='ocrx_word' id='word_1_123' title='bbox 354 1988 437 2066; x_wconf 83' lang='lat' dir='ltr'><em>apud</em></span> <span class='ocrx_word' id='word_1_124' title='bbox 454 1982 643 2047; x_wconf 76' lang='lat' dir='ltr'><em>Ciceronem</em></span> <span class='ocrx_word' id='word_1_125' title='bbox 659 1982 743 2044; x_wconf 90' lang='lat' dir='ltr'><em>libro</em></span> <span class='ocrx_word' id='word_1_126' title='bbox 760 1983 791 2044; x_wconf 73' lang='lat'><em>2.</em></span> <span class='ocrx_word' id='word_1_127' title='bbox 813 1984 850 2042; x_wconf 89' lang='lat' dir='ltr'><em>de</em></span> <span class='ocrx_word' id='word_1_128' title='bbox 867 1984 1007 2044; x_wconf 77' lang='lat' dir='ltr'>Oratore</span> <span class='ocrx_word' id='word_1_129' title='bbox 1023 2003 1094 2062; x_wconf 90' lang='lat' dir='ltr'><em>cap.</em></span> <span class='ocrx_word' id='word_1_130' title='bbox 1112 1984 1163 2042; x_wconf 80' lang='lat' dir='ltr'><em>ll.</em></span> <span class='ocrx_word' id='word_1_131' title='bbox 1188 1980 1245 2056; x_wconf 89' lang='lat' dir='ltr'><em>ait,</em></span> <span class='ocrx_word' id='word_1_132' title='bbox 1269 2004 1303 2045; x_wconf 88' lang='lat' dir='ltr'><em>se</em></span> <span class='ocrx_word' id='word_1_133' title='bbox 1320 1981 1349 2044; x_wconf 92' lang='lat' dir='ltr'><em>in</em></span> <span class='ocrx_word' id='word_1_134' title='bbox 1367 1984 1502 2066; x_wconf 88' lang='lat' dir='ltr'><em>Aquillii</em></span> 
     </span>
     <span class='ocr_line' id='line_1_17' title="bbox 178 2075 1501 2158; baseline -0.002 -15"><span class='ocrx_word' id='word_1_135' title='bbox 178 2102 290 2153; x_wconf 80' lang='lat' dir='ltr'><em>carisa,</em></span> <span class='ocrx_word' id='word_1_136' title='bbox 326 2079 465 2141; x_wconf 85' lang='lat' dir='ltr'><em>Marium</em></span> <span class='ocrx_word' id='word_1_137' title='bbox 496 2079 612 2139; x_wconf 75' lang='lat' dir='ltr'><em>crebro</em></span> <span class='ocrx_word' id='word_1_138' title='bbox 643 2077 850 2158; x_wconf 83' lang='lat' dir='ltr'><em>appellando,</em></span> <span class='ocrx_word' id='word_1_139' title='bbox 885 2076 1042 2157; x_wconf 78' lang='lat' dir='ltr'><em>collegam</em></span> <span class='ocrx_word' id='word_1_140' title='bbox 1075 2075 1103 2137; x_wconf 90' lang='lat' dir='ltr'><em>ci</em></span> <span class='ocrx_word' id='word_1_141' title='bbox 1130 2098 1221 2138; x_wconf 80' lang='lat' dir='ltr'><em>snsun</em></span> <span class='ocrx_word' id='word_1_142' title='bbox 1253 2080 1501 2140; x_wconf 72' lang='lat' dir='ltr'><em>commendasse.</em></span> 
     </span>
     <span class='ocr_line' id='line_1_18' title="bbox 178 2169 1502 2258; baseline -0.005 -20"><span class='ocrx_word' id='word_1_143' title='bbox 178 2173 351 2258; x_wconf 80' lang='lat' dir='ltr'><em>Aquilliunr</em></span> <span class='ocrx_word' id='word_1_144' title='bbox 375 2171 472 2233; x_wconf 86' lang='lat' dir='ltr'><em>Marii</em></span> <span class='ocrx_word' id='word_1_145' title='bbox 496 2170 527 2230; x_wconf 91' lang='lat' dir='ltr'><em>in</em></span> <span class='ocrx_word' id='word_1_146' title='bbox 551 2171 661 2252; x_wconf 85' lang='lat' dir='ltr'><em>quinto</em></span> <span class='ocrx_word' id='word_1_147' title='bbox 685 2171 849 2231; x_wconf 88' lang='lat' dir='ltr'><em>consulatu</em></span> <span class='ocrx_word' id='word_1_148' title='bbox 874 2171 1029 2251; x_wconf 75' lang='lat' dir='ltr'><em>collegam</em></span> <span class='ocrx_word' id='word_1_149' title='bbox 1054 2171 1205 2232; x_wconf 81' lang='lat' dir='ltr'><em>adversus</em></span> <span class='ocrx_word' id='word_1_150' title='bbox 1227 2169 1381 2253; x_wconf 77' lang='lat' dir='ltr'><em>fugitivos</em></span> <span class='ocrx_word' id='word_1_151' title='bbox 1403 2169 1433 2231; x_wconf 94' lang='lat' dir='ltr'><em>in</em></span> <span class='ocrx_word' id='word_1_152' title='bbox 1451 2171 1502 2232; x_wconf 87' lang='lat' dir='ltr'><em>Si·</em></span> 
     </span>
     <span class='ocr_line' id='line_1_19' title="bbox 177 2261 1503 2344; baseline -0.002 -16"><span class='ocrx_word' id='word_1_153' title='bbox 177 2267 279 2328; x_wconf 86' lang='lat' dir='ltr'><em>ciliam</em></span> <span class='ocrx_word' id='word_1_154' title='bbox 311 2265 436 2325; x_wconf 80' lang='lat' dir='ltr'><em>missurn</em></span> <span class='ocrx_word' id='word_1_155' title='bbox 472 2263 651 2344; x_wconf 83' lang='lat' dir='ltr'><em>bellumque</em></span> <span class='ocrx_word' id='word_1_156' title='bbox 680 2261 814 2332; x_wconf 84' lang='lat' dir='ltr'><em>servile,</em></span> <span class='ocrx_word' id='word_1_157' title='bbox 847 2263 1027 2325; x_wconf 72' lang='lat' dir='ltr'><em>Athenione</em></span> <span class='ocrx_word' id='word_1_158' title='bbox 1059 2267 1138 2325; x_wconf 77' lang='lat' dir='ltr'><em>sirice</em></span> <span class='ocrx_word' id='word_1_159' title='bbox 1168 2264 1357 2338; x_wconf 79' lang='lat' dir='ltr'><em>interiecto,</em></span> <span class='ocrx_word' id='word_1_160' title='bbox 1394 2264 1503 2326; x_wconf 82' lang='lat' dir='ltr'><em>conse-</em></span> 
     </span>
     <span class='ocr_line' id='line_1_20' title="bbox 179 2355 1503 2436; baseline -0.003 -14"><span class='ocrx_word' id='word_1_161' title='bbox 179 2359 259 2422; x_wconf 88' lang='lat' dir='ltr'><em>cisse</em></span> <span class='ocrx_word' id='word_1_162' title='bbox 287 2359 450 2421; x_wconf 89' lang='lat' dir='ltr'><em>Diodorus</em></span> <span class='ocrx_word' id='word_1_163' title='bbox 473 2355 597 2417; x_wconf 86' lang='lat' dir='ltr'><em>Siculus</em></span> <span class='ocrx_word' id='word_1_164' title='bbox 631 2355 714 2416; x_wconf 87' lang='lat' dir='ltr'><em>libro</em></span> <span class='ocrx_word' id='word_1_165' title='bbox 737 2356 906 2417; x_wconf 77' lang='lat' dir='ltr'><em>xxxvl.</em></span> <span class='ocrx_word' id='word_1_166' title='bbox 931 2355 1078 2436; x_wconf 79' lang='lat' dir='ltr'><em>scripsit:</em></span> <span class='ocrx_word' id='word_1_167' title='bbox 1110 2356 1139 2418; x_wconf 93' lang='lat' dir='ltr'><em>in</em></span> <span class='ocrx_word' id='word_1_168' title='bbox 1169 2355 1256 2419; x_wconf 79' lang='lat' dir='ltr'><em>carius</em></span> <span class='ocrx_word' id='word_1_169' title='bbox 1280 2368 1432 2436; x_wconf 77' lang='lat' dir='ltr'><em>excerpta</em></span> <span class='ocrx_word' id='word_1_170' title='bbox 1456 2357 1503 2418; x_wconf 90' lang='lat' dir='ltr'><em>bi·</em></span> 
     </span>
     <span class='ocr_line' id='line_1_21' title="bbox 179 2447 1503 2532; baseline -0.004 -15"><span class='ocrx_word' id='word_1_171' title='bbox 179 2453 278 2519; x_wconf 87' lang='lat' dir='ltr'><em>storia</em></span> <span class='ocrx_word' id='word_1_172' title='bbox 307 2455 346 2514; x_wconf 89' lang='lat' dir='ltr'><em>ab</em></span> <span class='ocrx_word' id='word_1_173' title='bbox 376 2451 517 2513; x_wconf 91' lang='lat' dir='ltr'><em>chrieo</em></span> <span class='ocrx_word' id='word_1_174' title='bbox 548 2451 711 2529; x_wconf 86' lang='lat' dir='ltr'><em>Stephano</em></span> <span class='ocrx_word' id='word_1_175' title='bbox 744 2447 856 2509; x_wconf 74' lang='lat' dir='ltr'><em>latine</em></span> <span class='ocrx_word' id='word_1_176' title='bbox 886 2448 966 2508; x_wconf 85' lang='lat' dir='ltr'><em>edita</em></span> <span class='ocrx_word' id='word_1_177' title='bbox 996 2448 1048 2510; x_wconf 91' lang='lat' dir='ltr'><em>hic</em></span> <span class='ocrx_word' id='word_1_178' title='bbox 1077 2450 1188 2512; x_wconf 90' lang='lat' dir='ltr'><em>consul</em></span> <span class='ocrx_word' id='word_1_179' title='bbox 1218 2447 1261 2513; x_wconf 90' lang='lat' dir='ltr'><em>C.</em></span> <span class='ocrx_word' id='word_1_180' title='bbox 1292 2451 1413 2514; x_wconf 88' lang='lat' dir='ltr'><em>Acilius</em></span> <span class='ocrx_word' id='word_1_181' title='bbox 1443 2473 1503 2532; x_wconf 89' lang='lat' dir='ltr'><em>per</em></span> 
     </span>
     <span class='ocr_line' id='line_1_22' title="bbox 179 2541 1503 2626; baseline -0.005 -14"><span class='ocrx_word' id='word_1_182' title='bbox 179 2552 324 2612; x_wconf 81' lang='lat' dir='ltr'><em>ruendum</em></span> <span class='ocrx_word' id='word_1_183' title='bbox 350 2549 507 2617; x_wconf 58' lang='lat' dir='ltr'><em>vocatur,</em></span> <span class='ocrx_word' id='word_1_184' title='bbox 534 2547 616 2625; x_wconf 88' lang='lat' dir='ltr'><em>apml</em></span> <span class='ocrx_word' id='word_1_185' title='bbox 640 2541 828 2606; x_wconf 87' lang='lat' dir='ltr'><em>Ciceronem</em></span> <span class='ocrx_word' id='word_1_186' title='bbox 853 2564 981 2626; x_wconf 78' lang='lat' dir='ltr'><em>qiinqisc</em></span> <span class='ocrx_word' id='word_1_187' title='bbox 1005 2544 1142 2625; x_wconf 84' lang='lat' dir='ltr'><em>Agraria</em></span> <span class='ocrx_word' id='word_1_188' title='bbox 1167 2544 1214 2606; x_wconf 89' lang='lat' dir='ltr'><em>ll.</em></span> <span class='ocrx_word' id='word_1_189' title='bbox 1247 2565 1318 2625; x_wconf 89' lang='lat' dir='ltr'><em>cap.</em></span> <span class='ocrx_word' id='word_1_190' title='bbox 1342 2545 1395 2606; x_wconf 80' lang='lat'><em>30.</em></span> <span class='ocrx_word' id='word_1_191' title='bbox 1424 2545 1503 2606; x_wconf 88' lang='lat' dir='ltr'><em>male</em></span> 
     </span>
     <span class='ocr_line' id='line_1_23' title="bbox 180 2634 1504 2725; baseline -0.004 -20"><span class='ocrx_word' id='word_1_192' title='bbox 180 2643 331 2723; x_wconf 82' lang='lat' dir='ltr'><em>scripturn</em></span> <span class='ocrx_word' id='word_1_193' title='bbox 355 2653 419 2713; x_wconf 87' lang='lat' dir='ltr'><em>cst,</em></span> <span class='ocrx_word' id='word_1_194' title='bbox 443 2638 579 2702; x_wconf 81' lang='lat' dir='ltr'><em>Siciliae</em></span> <span class='ocrx_word' id='word_1_195' title='bbox 597 2636 787 2698; x_wconf 81' lang='lat' dir='ltr'><em>ciuitatibus</em></span> <span class='ocrx_word' id='word_1_196' title='bbox 810 2638 894 2698; x_wconf 87' lang='lat' dir='ltr'><em>bello</em></span> <span class='ocrx_word' id='word_1_197' title='bbox 904 2634 1148 2725; x_wconf 74' lang='lat' dir='ltr'><em>fiagitioorum</em></span> <span class='ocrx_word' id='word_1_198' title='bbox 1171 2640 1226 2701; x_wconf 92' lang='grc' dir='ltr'><em>Μ.</em></span> <span class='ocrx_word' id='word_1_199' title='bbox 1250 2639 1379 2701; x_wconf 88' lang='lat' dir='ltr'><em>Atilius</em></span> <span class='ocrx_word' id='word_1_200' title='bbox 1401 2639 1504 2701; x_wconf 86' lang='lat' dir='ltr'><em>etiam</em></span> 
     </span>
     <span class='ocr_line' id='line_1_24' title="bbox 181 2730 1504 2824; baseline -0.002 -25"><span class='ocrx_word' id='word_1_201' title='bbox 181 2749 336 2799; x_wconf 74' lang='lat' dir='ltr'><em>residuum</em></span> <span class='ocrx_word' id='word_1_202' title='bbox 346 2733 575 2824; x_wconf 73' lang='lat' dir='ltr'><em>fricarentnm</em></span> <span class='ocrx_word' id='word_1_203' title='bbox 596 2731 705 2803; x_wconf 89' lang='lat' dir='ltr'><em>dedit,</em></span> <span class='ocrx_word' id='word_1_204' title='bbox 737 2730 790 2792; x_wconf 91' lang='lat' dir='ltr'><em>nbi</em></span> <span class='ocrx_word' id='word_1_205' title='bbox 812 2735 878 2794; x_wconf 88' lang='grc' dir='ltr'><em>Μ’.</em></span> <span class='ocrx_word' id='word_1_206' title='bbox 903 2730 1074 2814; x_wconf 70' lang='lat' dir='ltr'><em>Apaeillias</em></span> <span class='ocrx_word' id='word_1_207' title='bbox 1096 2731 1334 2807; x_wconf 62' lang='lat' dir='ltr'><em>scribenduud,</em></span> <span class='ocrx_word' id='word_1_208' title='bbox 1359 2745 1392 2795; x_wconf 88' lang='lat' dir='ltr'><em>nt</em></span> <span class='ocrx_word' id='word_1_209' title='bbox 1416 2734 1504 2796; x_wconf 90' lang='lat' dir='ltr'><em>initio</em></span> 
     </span>
     <span class='ocr_line' id='line_1_25' title="bbox 179 2824 1503 2916; baseline -0.003 -22"><span class='ocrx_word' id='word_1_210' title='bbox 179 2831 338 2894; x_wconf 73' lang='lat' dir='ltr'><em>Vescinae</em></span> <span class='ocrx_word' id='word_1_211' title='bbox 360 2829 529 2909; x_wconf 86' lang='lat' dir='ltr'><em>septimae,</em></span> <span class='ocrx_word' id='word_1_212' title='bbox 553 2829 631 2891; x_wconf 90' lang='lat' dir='ltr'><em>Nos</em></span> <span class='ocrx_word' id='word_1_213' title='bbox 647 2838 726 2907; x_wconf 87' lang='lat' dir='ltr'><em>post</em></span> <span class='ocrx_word' id='word_1_214' title='bbox 745 2825 781 2887; x_wconf 89' lang='lat' dir='ltr'><em>id</em></span> <span class='ocrx_word' id='word_1_215' title='bbox 800 2826 938 2900; x_wconf 89' lang='lat' dir='ltr'><em>bellum,</em></span> <span class='ocrx_word' id='word_1_216' title='bbox 964 2825 1055 2907; x_wconf 78' lang='lat' dir='ltr'><em>quod</em></span> <span class='ocrx_word' id='word_1_217' title='bbox 1065 2824 1136 2888; x_wconf 83' lang='grc' dir='ltr'><em>Μ’.</em></span> <span class='ocrx_word' id='word_1_218' title='bbox 1154 2825 1325 2909; x_wconf 78' lang='lat' dir='ltr'><em>Aqraillius</em></span> <span class='ocrx_word' id='word_1_219' title='bbox 1341 2825 1503 2916; x_wconf 86' lang='lat' dir='ltr'><em>confecit,</em></span> 
     </span>
     <span class='ocr_line' id='line_1_26' title="bbox 181 2918 1505 3011; baseline -0.002 -24"><span class='ocrx_word' id='word_1_220' title='bbox 181 2924 230 2988; x_wconf 87' lang='lat' dir='ltr'><em>sic</em></span> <span class='ocrx_word' id='word_1_221' title='bbox 248 2921 459 3004; x_wconf 73' lang='lat' dir='ltr'><em>accepimus,</em></span> <span class='ocrx_word' id='word_1_222' title='bbox 484 2923 615 2983; x_wconf 87' lang='lat' dir='ltr'><em>nullum</em></span> <span class='ocrx_word' id='word_1_223' title='bbox 636 2920 671 2981; x_wconf 88' lang='lat' dir='ltr'><em>in</em></span> <span class='ocrx_word' id='word_1_224' title='bbox 694 2919 812 2982; x_wconf 82' lang='lat' dir='ltr'><em>Sicilia</em></span> <span class='ocrx_word' id='word_1_225' title='bbox 833 2918 1209 3007; x_wconf 74' lang='lat' dir='ltr'><em>bellumsagitioorum</em></span> <span class='ocrx_word' id='word_1_226' title='bbox 1219 2918 1359 3011; x_wconf 78' lang='lat' dir='ltr'><em>ficisse.</em></span> <span class='ocrx_word' id='word_1_227' title='bbox 1392 2922 1505 3003; x_wconf 84' lang='lat' dir='ltr'><em>Aquil-</em></span> 
     </span>
     <span class='ocr_line' id='line_1_27' title="bbox 94 3011 1504 3095; baseline -0.004 -14"><span class='ocrx_word' id='word_1_228' title='bbox 94 3082 97 3087; x_wconf 4' lang='grc'><strong>.</strong></span> <span class='ocrx_word' id='word_1_229' title='bbox 181 3018 241 3081; x_wconf 90' lang='lat' dir='ltr'><em>lius</em></span> <span class='ocrx_word' id='word_1_230' title='bbox 264 3017 373 3078; x_wconf 88' lang='lat' dir='ltr'><em>deinde</em></span> <span class='ocrx_word' id='word_1_231' title='bbox 396 3037 519 3077; x_wconf 86' lang='lat' dir='ltr'><em>causam</em></span> <span class='ocrx_word' id='word_1_232' title='bbox 550 3016 588 3076; x_wconf 85' lang='lat' dir='ltr'><em>de</em></span> <span class='ocrx_word' id='word_1_233' title='bbox 609 3011 752 3094; x_wconf 88' lang='lat' dir='ltr'><em>pecuniis</em></span> <span class='ocrx_word' id='word_1_234' title='bbox 775 3011 957 3092; x_wconf 85' lang='lat' dir='ltr'><em>repetundis</em></span> <span class='ocrx_word' id='word_1_235' title='bbox 980 3011 1079 3072; x_wconf 84' lang='lat' dir='ltr'><em>dixit:</em></span> <span class='ocrx_word' id='word_1_236' title='bbox 1113 3033 1246 3095; x_wconf 79' lang='lat' dir='ltr'><em>eramque</em></span> <span class='ocrx_word' id='word_1_237' title='bbox 1270 3014 1321 3076; x_wconf 88' lang='lat' dir='ltr'><em>M.</em></span> <span class='ocrx_word' id='word_1_238' title='bbox 1345 3016 1504 3079; x_wconf 90' lang='lat' dir='ltr'><em>Antonius</em></span> 
     </span>
     <span class='ocr_line' id='line_1_28' title="bbox 183 3103 1504 3190; baseline -0.003 -16"><span class='ocrx_word' id='word_1_239' title='bbox 183 3110 483 3187; x_wconf 77' lang='lat' dir='ltr'><em>aeriterdesendit,</em></span> <span class='ocrx_word' id='word_1_240' title='bbox 520 3121 551 3169; x_wconf 91' lang='lat' dir='ltr'><em>nt</em></span> <span class='ocrx_word' id='word_1_241' title='bbox 577 3107 688 3169; x_wconf 81' lang='lat' dir='ltr'><em>Livius</em></span> <span class='ocrx_word' id='word_1_242' title='bbox 719 3106 802 3169; x_wconf 89' lang='lat' dir='ltr'><em>libro</em></span> <span class='ocrx_word' id='word_1_243' title='bbox 834 3107 943 3166; x_wconf 72' lang='lat' dir='ltr'><em>Lxx.</em></span> <span class='ocrx_word' id='word_1_244' title='bbox 983 3103 1099 3168; x_wconf 91' lang='lat' dir='ltr'><em>Cicero</em></span> <span class='ocrx_word' id='word_1_245' title='bbox 1130 3105 1186 3167; x_wconf 91' lang='lat' dir='ltr'><em>lib.</em></span> <span class='ocrx_word' id='word_1_246' title='bbox 1213 3107 1258 3168; x_wconf 92' lang='lat' dir='ltr'><em>ll.</em></span> <span class='ocrx_word' id='word_1_247' title='bbox 1289 3129 1360 3190; x_wconf 85' lang='lat' dir='ltr'><em>cap.</em></span> <span class='ocrx_word' id='word_1_248' title='bbox 1384 3110 1436 3170; x_wconf 79' lang='lat' dir='ltr'><em>tt.</em></span> <span class='ocrx_word' id='word_1_249' title='bbox 1466 3111 1504 3170; x_wconf 88' lang='lat' dir='ltr'><em>de</em></span> 
     </span>
     <span class='ocr_line' id='line_1_29' title="bbox 185 3199 1502 3282; baseline -0.005 -16"><span class='ocrx_word' id='word_1_250' title='bbox 185 3208 324 3271; x_wconf 78' lang='lat' dir='ltr'><em>Oratore</em></span> <span class='ocrx_word' id='word_1_251' title='bbox 347 3214 378 3264; x_wconf 90' lang='lat' dir='ltr'><em>et</em></span> <span class='ocrx_word' id='word_1_252' title='bbox 400 3203 540 3264; x_wconf 84' lang='lat' dir='ltr'><em>Verrina</em></span> <span class='ocrx_word' id='word_1_253' title='bbox 562 3200 692 3280; x_wconf 84' lang='lat' dir='ltr'><em>septima</em></span> <span class='ocrx_word' id='word_1_254' title='bbox 716 3220 784 3278; x_wconf 89' lang='lat' dir='ltr'><em>cap.</em></span> <span class='ocrx_word' id='word_1_255' title='bbox 799 3200 828 3258; x_wconf 91' lang='grc'><strong>1.</strong></span> <span class='ocrx_word' id='word_1_256' title='bbox 851 3209 1017 3259; x_wconf 85' lang='lat' dir='ltr'><em>testantur.</em></span> <span class='ocrx_word' id='word_1_257' title='bbox 1049 3199 1136 3260; x_wconf 84' lang='lat' dir='ltr'><em>ldcrn</em></span> <span class='ocrx_word' id='word_1_258' title='bbox 1150 3221 1211 3280; x_wconf 87' lang='lat' dir='ltr'><em>pro</em></span> <span class='ocrx_word' id='word_1_259' title='bbox 1229 3200 1346 3263; x_wconf 85' lang='lat' dir='ltr'><em>Flacco</em></span> <span class='ocrx_word' id='word_1_260' title='bbox 1363 3222 1435 3282; x_wconf 88' lang='lat' dir='ltr'><em>cap.</em></span> <span class='ocrx_word' id='word_1_261' title='bbox 1449 3200 1502 3263; x_wconf 78' lang='lat'><em>39.</em></span> 
     </span>
     <span class='ocr_line' id='line_1_30' title="bbox 183 3291 1505 3379; baseline -0.005 -20"><span class='ocrx_word' id='word_1_262' title='bbox 183 3297 250 3363; x_wconf 87' lang='grc' dir='ltr'><em>Μ’.</em></span> <span class='ocrx_word' id='word_1_263' title='bbox 267 3296 455 3379; x_wconf 73' lang='lat' dir='ltr'><em>Aquillium</em></span> <span class='ocrx_word' id='word_1_264' title='bbox 477 3306 594 3377; x_wconf 85' lang='lat' dir='ltr'><em>patres</em></span> <span class='ocrx_word' id='word_1_265' title='bbox 610 3293 735 3363; x_wconf 87' lang='lat' dir='ltr'><em>nostri,</em></span> <span class='ocrx_word' id='word_1_266' title='bbox 761 3291 875 3353; x_wconf 81' lang='lat' dir='ltr'><em>rrireltis</em></span> <span class='ocrx_word' id='word_1_267' title='bbox 891 3291 1058 3352; x_wconf 86' lang='lat' dir='ltr'><em>avaritiae</em></span> <span class='ocrx_word' id='word_1_268' title='bbox 1073 3292 1270 3354; x_wconf 83' lang='lat' dir='ltr'><em>criminibus</em></span> <span class='ocrx_word' id='word_1_269' title='bbox 1285 3291 1505 3356; x_wconf 82' lang='lat' dir='ltr'><em>testimoniis·</em></span> 
     </span>
     <span class='ocr_line' id='line_1_31' title="bbox 184 3383 1505 3477; baseline -0.005 -23"><span class='ocrx_word' id='word_1_270' title='bbox 184 3417 248 3477; x_wconf 80' lang='lat' dir='ltr'><em>pue</em></span> <span class='ocrx_word' id='word_1_271' title='bbox 270 3390 476 3459; x_wconf 78' lang='lat' dir='ltr'><em>coaaoicturu,</em></span> <span class='ocrx_word' id='word_1_272' title='bbox 500 3389 581 3470; x_wconf 80' lang='lat' dir='ltr'><em>puio</em></span> <span class='ocrx_word' id='word_1_273' title='bbox 603 3383 1027 3475; x_wconf 74' lang='lat' dir='ltr'><em>curnsargitioisfirrtiter</em></span> <span class='ocrx_word' id='word_1_274' title='bbox 1045 3385 1167 3446; x_wconf 85' lang='lat' dir='ltr'><em>bellum</em></span> <span class='ocrx_word' id='word_1_275' title='bbox 1181 3398 1353 3467; x_wconf 82' lang='lat' dir='ltr'><em>gesserat,</em></span> <span class='ocrx_word' id='word_1_276' title='bbox 1376 3384 1505 3448; x_wconf 80' lang='lat' dir='ltr'><em>italieio</em></span> 
     </span>
     <span class='ocr_line' id='line_1_32' title="bbox 186 3477 1507 3562; baseline -0.005 -13"><span class='ocrx_word' id='word_1_277' title='bbox 186 3488 424 3549; x_wconf 83' lang='lat' dir='ltr'><em>liberaverunt.</em></span> <span class='ocrx_word' id='word_1_278' title='bbox 460 3484 582 3544; x_wconf 87' lang='lat' dir='ltr'><em>Eodem</em></span> <span class='ocrx_word' id='word_1_279' title='bbox 599 3481 735 3562; x_wconf 85' lang='lat' dir='ltr'><em>pertinet</em></span> <span class='ocrx_word' id='word_1_280' title='bbox 751 3480 828 3540; x_wconf 89' lang='lat' dir='ltr'><em>illud</em></span> <span class='ocrx_word' id='word_1_281' title='bbox 843 3499 903 3558; x_wconf 90' lang='lat' dir='ltr'><em>pro</em></span> <span class='ocrx_word' id='word_1_282' title='bbox 920 3477 1077 3550; x_wconf 88' lang='lat' dir='ltr'><em>Fonteio,</em></span> <span class='ocrx_word' id='word_1_283' title='bbox 1102 3499 1172 3559; x_wconf 90' lang='lat' dir='ltr'><em>cap.</em></span> <span class='ocrx_word' id='word_1_284' title='bbox 1191 3479 1241 3541; x_wconf 76' lang='lat'><em>13.</em></span> <span class='ocrx_word' id='word_1_285' title='bbox 1271 3482 1382 3562; x_wconf 81' lang='lat' dir='ltr'><em>Qicom</em></span> <span class='ocrx_word' id='word_1_286' title='bbox 1397 3482 1507 3542; x_wconf 77' lang='lat' dir='ltr'><em>arrrelta</em></span> 
     </span>
     <span class='ocr_line' id='line_1_33' title="bbox 187 3570 1504 3661; baseline -0.006 -19"><span class='ocrx_word' id='word_1_287' title='bbox 187 3583 253 3644; x_wconf 86' lang='grc' dir='ltr'><em>Μ’.</em></span> <span class='ocrx_word' id='word_1_288' title='bbox 271 3577 443 3661; x_wconf 76' lang='lat' dir='ltr'><em>Apicillius</em></span> <span class='ocrx_word' id='word_1_289' title='bbox 461 3576 591 3638; x_wconf 82' lang='lat' dir='ltr'><em>audivit</em></span> <span class='ocrx_word' id='word_1_290' title='bbox 614 3574 649 3636; x_wconf 90' lang='lat' dir='ltr'><em>in</em></span> <span class='ocrx_word' id='word_1_291' title='bbox 671 3596 735 3635; x_wconf 90' lang='lat' dir='ltr'><em>suo</em></span> <span class='ocrx_word' id='word_1_292' title='bbox 756 3570 903 3633; x_wconf 87' lang='lat' dir='ltr'><em>iudicio!</em></span> <span class='ocrx_word' id='word_1_293' title='bbox 935 3570 1110 3632; x_wconf 78' lang='lat' dir='ltr'><em>Accusavit</em></span> <span class='ocrx_word' id='word_1_294' title='bbox 1123 3570 1298 3655; x_wconf 80' lang='lat' dir='ltr'><em>Aquillituu</em></span> <span class='ocrx_word' id='word_1_295' title='bbox 1322 3573 1364 3633; x_wconf 78' lang='lat' dir='ltr'><em>l..</em></span> <span class='ocrx_word' id='word_1_296' title='bbox 1382 3572 1504 3650; x_wconf 82' lang='lat' dir='ltr'><em>Fufius,</em></span> 
     </span>
     <span class='ocr_line' id='line_1_34' title="bbox 188 3662 1505 3748; baseline -0.006 -12"><span class='ocrx_word' id='word_1_297' title='bbox 188 3688 221 3736; x_wconf 93' lang='lat' dir='ltr'><em>ut</em></span> <span class='ocrx_word' id='word_1_298' title='bbox 237 3673 353 3737; x_wconf 78' lang='lat' dir='ltr'><em>Cicero</em></span> <span class='ocrx_word' id='word_1_299' title='bbox 370 3671 398 3732; x_wconf 92' lang='lat' dir='ltr'><em>in</em></span> <span class='ocrx_word' id='word_1_300' title='bbox 417 3671 518 3731; x_wconf 83' lang='lat' dir='ltr'><em>Bruto</em></span> <span class='ocrx_word' id='word_1_301' title='bbox 543 3690 613 3748; x_wconf 86' lang='lat' dir='ltr'><em>cap.</em></span> <span class='ocrx_word' id='word_1_302' title='bbox 631 3668 684 3728; x_wconf 73' lang='lat'><em>02.</em></span> <span class='ocrx_word' id='word_1_303' title='bbox 708 3664 835 3739; x_wconf 87' lang='lat' dir='ltr'><em>scribit,</em></span> <span class='ocrx_word' id='word_1_304' title='bbox 860 3663 964 3747; x_wconf 83' lang='lat' dir='ltr'><em>itaque</em></span> <span class='ocrx_word' id='word_1_305' title='bbox 987 3675 1073 3725; x_wconf 89' lang='lat' dir='ltr'><em>recte</em></span> <span class='ocrx_word' id='word_1_306' title='bbox 1096 3685 1179 3725; x_wconf 80' lang='lat' dir='ltr'><em>nirnc</em></span> <span class='ocrx_word' id='word_1_307' title='bbox 1199 3662 1282 3727; x_wconf 85' lang='lat' dir='ltr'><em>libro</em></span> <span class='ocrx_word' id='word_1_308' title='bbox 1297 3664 1344 3727; x_wconf 89' lang='lat' dir='ltr'><em>Il.</em></span> <span class='ocrx_word' id='word_1_309' title='bbox 1368 3688 1440 3747; x_wconf 84' lang='lat' dir='ltr'><em>cap.</em></span> <span class='ocrx_word' id='word_1_310' title='bbox 1454 3669 1505 3729; x_wconf 86' lang='grc'><em>11.</em></span> 
     </span>
     <span class='ocr_line' id='line_1_35' title="bbox 189 3756 1508 3843; baseline -0.005 -12"><span class='ocrx_word' id='word_1_311' title='bbox 189 3771 226 3830; x_wconf 87' lang='lat' dir='ltr'><em>de</em></span> <span class='ocrx_word' id='word_1_312' title='bbox 252 3765 373 3831; x_wconf 83' lang='lat' dir='ltr'><em>Officiis</em></span> <span class='ocrx_word' id='word_1_313' title='bbox 397 3763 532 3841; x_wconf 65' lang='lat' dir='ltr'><em>legium:</em></span> <span class='ocrx_word' id='word_1_314' title='bbox 556 3762 591 3823; x_wconf 88' lang='lat' dir='ltr'><em>in</em></span> <span class='ocrx_word' id='word_1_315' title='bbox 611 3760 805 3822; x_wconf 82' lang='lat' dir='ltr'><em>accusando</em></span> <span class='ocrx_word' id='word_1_316' title='bbox 821 3758 925 3821; x_wconf 85' lang='lat' dir='ltr'><em>etiam</em></span> <span class='ocrx_word' id='word_1_317' title='bbox 947 3759 1015 3821; x_wconf 90' lang='grc' dir='ltr'><em>Μ’.</em></span> <span class='ocrx_word' id='word_1_318' title='bbox 1031 3756 1182 3841; x_wconf 76' lang='lat' dir='ltr'><em>Apicillio</em></span> <span class='ocrx_word' id='word_1_319' title='bbox 1200 3762 1241 3820; x_wconf 90' lang='lat' dir='ltr'><em>L.</em></span> <span class='ocrx_word' id='word_1_320' title='bbox 1258 3759 1351 3837; x_wconf 79' lang='lat' dir='ltr'><em>Fufii</em></span> <span class='ocrx_word' id='word_1_321' title='bbox 1369 3763 1508 3843; x_wconf 78' lang='lat' dir='ltr'><em>cognita</em></span> 
     </span>
     <span class='ocr_line' id='line_1_36' title="bbox 190 3852 1508 3935; baseline -0.009 -13"><span class='ocrx_word' id='word_1_322' title='bbox 190 3861 363 3923; x_wconf 84' lang='lat' dir='ltr'><em>iaulustria</em></span> <span class='ocrx_word' id='word_1_323' title='bbox 384 3870 455 3929; x_wconf 89' lang='lat' dir='ltr'><em>est;</em></span> <span class='ocrx_word' id='word_1_324' title='bbox 492 3856 545 3917; x_wconf 91' lang='lat' dir='ltr'><em>ubi</em></span> <span class='ocrx_word' id='word_1_325' title='bbox 567 3855 654 3935; x_wconf 89' lang='lat' dir='ltr'><em>prius</em></span> <span class='ocrx_word' id='word_1_326' title='bbox 679 3854 815 3917; x_wconf 77' lang='lat' dir='ltr'><em>ll&#39;lonlio</em></span> <span class='ocrx_word' id='word_1_327' title='bbox 841 3863 993 3933; x_wconf 89' lang='lat' dir='ltr'><em>corrupte</em></span> <span class='ocrx_word' id='word_1_328' title='bbox 1015 3852 1165 3932; x_wconf 85' lang='lat' dir='ltr'><em>scripturn</em></span> <span class='ocrx_word' id='word_1_329' title='bbox 1188 3862 1269 3914; x_wconf 89' lang='lat' dir='ltr'><em>crat.</em></span> <span class='ocrx_word' id='word_1_330' title='bbox 1316 3852 1357 3918; x_wconf 84' lang='lat' dir='ltr'><em>C.</em></span> <span class='ocrx_word' id='word_1_331' title='bbox 1381 3853 1508 3917; x_wconf 82' lang='lat' dir='ltr'><em>Marius</em></span> 
     </span>
     <span class='ocr_line' id='line_1_37' title="bbox 191 3944 1505 4030; baseline -0.006 -15"><span class='ocrx_word' id='word_1_332' title='bbox 191 3976 259 4015; x_wconf 89' lang='lat' dir='ltr'><em>ens.</em></span> <span class='ocrx_word' id='word_1_333' title='bbox 283 3957 327 4024; x_wconf 79' lang='lat' dir='ltr'><em>V,</em></span> <span class='ocrx_word' id='word_1_334' title='bbox 351 3966 381 4016; x_wconf 87' lang='lat' dir='ltr'><em>ct</em></span> <span class='ocrx_word' id='word_1_335' title='bbox 404 3952 447 4030; x_wconf 84' lang='lat' dir='ltr'><em>Q.</em></span> <span class='ocrx_word' id='word_1_336' title='bbox 472 3950 616 4012; x_wconf 87' lang='lat' dir='ltr'><em>Lutatius</em></span> <span class='ocrx_word' id='word_1_337' title='bbox 638 3968 771 4030; x_wconf 88' lang='lat' dir='ltr'><em>procos.</em></span> <span class='ocrx_word' id='word_1_338' title='bbox 797 3946 948 4009; x_wconf 88' lang='lat' dir='ltr'><em>Cimbros</em></span> <span class='ocrx_word' id='word_1_339' title='bbox 971 3945 1000 4007; x_wconf 93' lang='lat' dir='ltr'><em>in</em></span> <span class='ocrx_word' id='word_1_340' title='bbox 1023 3944 1157 4007; x_wconf 86' lang='lat' dir='ltr'><em>Venetia</em></span> <span class='ocrx_word' id='word_1_341' title='bbox 1180 3948 1219 4006; x_wconf 83' lang='lat' dir='ltr'><em>ad</em></span> <span class='ocrx_word' id='word_1_342' title='bbox 1241 3947 1407 4022; x_wconf 83' lang='lat' dir='ltr'><em>Athesim,</em></span> <span class='ocrx_word' id='word_1_343' title='bbox 1439 3951 1505 4010; x_wconf 93' lang='lat' dir='ltr'><em>Vc-</em></span> 
     </span>
     <span class='ocr_line' id='line_1_38' title="bbox 191 4037 1506 4122; baseline -0.006 -13"><span class='ocrx_word' id='word_1_344' title='bbox 191 4066 290 4109; x_wconf 84' lang='lat' dir='ltr'><em>ronae</em></span> <span class='ocrx_word' id='word_1_345' title='bbox 313 4046 460 4118; x_wconf 80' lang='lat' dir='ltr'><em>llsrrinm,</em></span> <span class='ocrx_word' id='word_1_346' title='bbox 488 4044 648 4106; x_wconf 80' lang='lat' dir='ltr'><em>vicerunt:</em></span> <span class='ocrx_word' id='word_1_347' title='bbox 673 4044 711 4102; x_wconf 91' lang='lat' dir='ltr'><em>de</em></span> <span class='ocrx_word' id='word_1_348' title='bbox 734 4061 794 4122; x_wconf 81' lang='lat' dir='ltr'><em>qna</em></span> <span class='ocrx_word' id='word_1_349' title='bbox 819 4037 949 4100; x_wconf 73' lang='lat' dir='ltr'><em>victoria</em></span> <span class='ocrx_word' id='word_1_350' title='bbox 974 4039 1110 4103; x_wconf 85' lang='lat' dir='ltr'><em>Orosius</em></span> <span class='ocrx_word' id='word_1_351' title='bbox 1132 4051 1240 4101; x_wconf 88' lang='lat' dir='ltr'><em>noster</em></span> <span class='ocrx_word' id='word_1_352' title='bbox 1262 4042 1318 4104; x_wconf 91' lang='lat' dir='ltr'><em>lib.</em></span> <span class='ocrx_word' id='word_1_353' title='bbox 1337 4043 1383 4106; x_wconf 87' lang='lat' dir='ltr'><em>V.</em></span> <span class='ocrx_word' id='word_1_354' title='bbox 1406 4064 1436 4103; x_wconf 93' lang='lat' dir='ltr'><em>c.</em></span> <span class='ocrx_word' id='word_1_355' title='bbox 1454 4041 1506 4101; x_wconf 83' lang='lat' dir='ltr'><em>lb.</em></span> 
     </span>
     <span class='ocr_line' id='line_1_39' title="bbox 194 4131 1508 4218; baseline -0.008 -15"><span class='ocrx_word' id='word_1_356' title='bbox 194 4143 246 4203; x_wconf 84' lang='lat' dir='ltr'><em>Sic</em></span> <span class='ocrx_word' id='word_1_357' title='bbox 262 4141 385 4202; x_wconf 84' lang='lat' dir='ltr'><em>Marius</em></span> <span class='ocrx_word' id='word_1_358' title='bbox 409 4142 573 4202; x_wconf 89' lang='lat' dir='ltr'><em>inllucntcs</em></span> <span class='ocrx_word' id='word_1_359' title='bbox 597 4138 625 4198; x_wconf 93' lang='lat' dir='ltr'><em>in</em></span> <span class='ocrx_word' id='word_1_360' title='bbox 649 4132 770 4197; x_wconf 87' lang='lat' dir='ltr'><em>ltaliam</em></span> <span class='ocrx_word' id='word_1_361' title='bbox 787 4133 952 4194; x_wconf 89' lang='lat' dir='ltr'><em>Gallorum</em></span> <span class='ocrx_word' id='word_1_362' title='bbox 976 4131 1125 4194; x_wconf 76' lang='lat' dir='ltr'><em>niaximas</em></span> <span class='ocrx_word' id='word_1_363' title='bbox 1148 4135 1257 4215; x_wconf 87' lang='lat' dir='ltr'><em>copias</em></span> <span class='ocrx_word' id='word_1_364' title='bbox 1280 4146 1450 4218; x_wconf 76' lang='lat' dir='ltr'><em>repressit:</em></span> <span class='ocrx_word' id='word_1_365' title='bbox 1475 4144 1508 4194; x_wconf 91' lang='lat' dir='ltr'><em>nt</em></span> 
     </span>
     <span class='ocr_line' id='line_1_40' title="bbox 194 4226 1510 4314; baseline -0.006 -15"><span class='ocrx_word' id='word_1_366' title='bbox 194 4238 235 4299; x_wconf 88' lang='lat' dir='ltr'><em>ait</em></span> <span class='ocrx_word' id='word_1_367' title='bbox 259 4234 374 4297; x_wconf 82' lang='lat' dir='ltr'><em>Cicero</em></span> <span class='ocrx_word' id='word_1_368' title='bbox 398 4237 435 4295; x_wconf 78' lang='lat' dir='ltr'><em>ile</em></span> <span class='ocrx_word' id='word_1_369' title='bbox 457 4229 630 4314; x_wconf 88' lang='lat' dir='ltr'><em>provinciis</em></span> <span class='ocrx_word' id='word_1_370' title='bbox 653 4249 738 4288; x_wconf 89' lang='lat' dir='ltr'><em>cnss.</em></span> <span class='ocrx_word' id='word_1_371' title='bbox 762 4248 832 4306; x_wconf 85' lang='lat' dir='ltr'><em>cap.</em></span> <span class='ocrx_word' id='word_1_372' title='bbox 859 4226 910 4288; x_wconf 74' lang='grc'><strong>13.</strong></span> <span class='ocrx_word' id='word_1_373' title='bbox 940 4238 1034 4309; x_wconf 81' lang='lat' dir='ltr'><em>atque</em></span> <span class='ocrx_word' id='word_1_374' title='bbox 1054 4226 1178 4289; x_wconf 79' lang='lat' dir='ltr'><em>‘ltaliam</em></span> <span class='ocrx_word' id='word_1_375' title='bbox 1205 4229 1373 4293; x_wconf 85' lang='lat' dir='ltr'><em>obsidione</em></span> <span class='ocrx_word' id='word_1_376' title='bbox 1394 4230 1510 4292; x_wconf 89' lang='lat' dir='ltr'><em>libera·</em></span> 
     </span>
     <span class='ocr_line' id='line_1_41' title="bbox 195 4320 1509 4408; baseline -0.005 -16"><span class='ocrx_word' id='word_1_377' title='bbox 195 4331 252 4392; x_wconf 90' lang='lat' dir='ltr'><em>vit.</em></span> <span class='ocrx_word' id='word_1_378' title='bbox 300 4328 384 4388; x_wconf 76' lang='lat' dir='ltr'><em>ulem</em></span> <span class='ocrx_word' id='word_1_379' title='bbox 418 4338 491 4408; x_wconf 86' lang='lat' dir='ltr'><em>post</em></span> <span class='ocrx_word' id='word_1_380' title='bbox 523 4324 617 4388; x_wconf 86' lang='lat' dir='ltr'><em>redit.</em></span> <span class='ocrx_word' id='word_1_381' title='bbox 648 4324 688 4383; x_wconf 87' lang='lat' dir='ltr'><em>ad</em></span> <span class='ocrx_word' id='word_1_382' title='bbox 716 4320 872 4400; x_wconf 84' lang='lat' dir='ltr'><em>Quirites,</em></span> <span class='ocrx_word' id='word_1_383' title='bbox 909 4339 981 4400; x_wconf 90' lang='lat' dir='ltr'><em>cap.</em></span> <span class='ocrx_word' id='word_1_384' title='bbox 1011 4320 1043 4381; x_wconf 87' lang='lat'><em>8.</em></span> <span class='ocrx_word' id='word_1_385' title='bbox 1094 4321 1242 4384; x_wconf 88' lang='lat' dir='ltr'><em>Meminit</em></span> <span class='ocrx_word' id='word_1_386' title='bbox 1272 4345 1331 4404; x_wconf 86' lang='lat' dir='ltr'><em>pro</em></span> <span class='ocrx_word' id='word_1_387' title='bbox 1363 4322 1509 4398; x_wconf 79' lang='lat' dir='ltr'><em>Rabirio,</em></span> 
     </span>
     <span class='ocr_line' id='line_1_42' title="bbox 195 4411 1511 4505; baseline -0.008 -17"><span class='ocrx_word' id='word_1_388' title='bbox 195 4448 266 4505; x_wconf 82' lang='lat' dir='ltr'><em>cap.</em></span> <span class='ocrx_word' id='word_1_389' title='bbox 285 4424 336 4482; x_wconf 84' lang='grc'><strong>10.</strong></span> <span class='ocrx_word' id='word_1_390' title='bbox 362 4432 391 4481; x_wconf 91' lang='lat' dir='ltr'><em>ct</em></span> <span class='ocrx_word' id='word_1_391' title='bbox 415 4421 444 4479; x_wconf 88' lang='lat' dir='ltr'><em>in</em></span> <span class='ocrx_word' id='word_1_392' title='bbox 469 4419 596 4483; x_wconf 90' lang='lat' dir='ltr'><em>Catilin.</em></span> <span class='ocrx_word' id='word_1_393' title='bbox 617 4416 680 4479; x_wconf 90' lang='lat' dir='ltr'><em>lV.</em></span> <span class='ocrx_word' id='word_1_394' title='bbox 703 4434 775 4495; x_wconf 87' lang='lat' dir='ltr'><em>cap.</em></span> <span class='ocrx_word' id='word_1_395' title='bbox 792 4416 843 4474; x_wconf 85' lang='lat'><em>10.</em></span> <span class='ocrx_word' id='word_1_396' title='bbox 888 4414 929 4490; x_wconf 86' lang='lat' dir='ltr'><em>Q.</em></span> <span class='ocrx_word' id='word_1_397' title='bbox 952 4411 1085 4475; x_wconf 87' lang='lat' dir='ltr'><em>Catulus</em></span> <span class='ocrx_word' id='word_1_398' title='bbox 1107 4417 1146 4476; x_wconf 91' lang='lat' dir='ltr'><em>dc</em></span> <span class='ocrx_word' id='word_1_399' title='bbox 1170 4416 1319 4477; x_wconf 86' lang='lat' dir='ltr'><em>manubiis</em></span> <span class='ocrx_word' id='word_1_400' title='bbox 1343 4413 1511 4478; x_wconf 86' lang='lat' dir='ltr'><em>Cimbricis</em></span> 
     </span>
     <span class='ocr_line' id='line_1_43' title="bbox 196 4504 1511 4601; baseline -0.008 -19"><span class='ocrx_word' id='word_1_401' title='bbox 196 4518 354 4601; x_wconf 81' lang='lat' dir='ltr'><em>porticum</em></span> <span class='ocrx_word' id='word_1_402' title='bbox 378 4514 408 4576; x_wconf 91' lang='lat' dir='ltr'><em>in</em></span> <span class='ocrx_word' id='word_1_403' title='bbox 432 4516 547 4594; x_wconf 89' lang='lat' dir='ltr'><em>palatio</em></span> <span class='ocrx_word' id='word_1_404' title='bbox 577 4513 607 4574; x_wconf 92' lang='lat' dir='ltr'><em>in</em></span> <span class='ocrx_word' id='word_1_405' title='bbox 634 4530 705 4571; x_wconf 86' lang='lat' dir='ltr'><em>area</em></span> <span class='ocrx_word' id='word_1_406' title='bbox 730 4508 782 4570; x_wconf 87' lang='lat' dir='ltr'><em>M.</em></span> <span class='ocrx_word' id='word_1_407' title='bbox 807 4505 912 4571; x_wconf 76' lang='lat' dir='ltr'><em>Futrii</em></span> <span class='ocrx_word' id='word_1_408' title='bbox 935 4504 1041 4567; x_wconf 88' lang='lat' dir='ltr'><em>Flacci</em></span> <span class='ocrx_word' id='word_1_409' title='bbox 1064 4506 1159 4584; x_wconf 88' lang='lat' dir='ltr'><em>lecit,</em></span> <span class='ocrx_word' id='word_1_410' title='bbox 1190 4506 1306 4571; x_wconf 86' lang='lat' dir='ltr'><em>Cicero</em></span> <span class='ocrx_word' id='word_1_411' title='bbox 1332 4511 1511 4589; x_wconf 78' lang='lat' dir='ltr'><em>proclamo</em></span> 
     </span>
    </p>
   </div>
   <div class='ocr_carea' id='block_1_5' title="bbox 196 4611 344 4719">
    <p class='ocr_par' dir='ltr' id='par_1_5' title="bbox 196 4611 344 4719">
     <span class='ocr_line' id='line_1_44' title="bbox 196 4611 344 4719; baseline -0.041 -40"><span class='ocrx_word' id='word_1_412' title='bbox 196 4636 268 4698; x_wconf 86' lang='lat' dir='ltr'><em>cap.</em></span> <span class='ocrx_word' id='word_1_413' title='bbox 285 4611 344 4719; x_wconf 79' lang='grc' dir='ltr'><em>Ι38.</em></span> 
     </span>
    </p>
   </div>
   <div class='ocr_carea' id='block_1_6' title="bbox 237 4695 1495 4881">
    <p class='ocr_par' dir='ltr' id='par_1_6' title="bbox 237 4695 1495 4881">
     <span class='ocr_line' id='line_1_45' title="bbox 237 4695 1495 4808; baseline -0.014 -21"><span class='ocrx_word' id='word_1_414' title='bbox 237 4695 1495 4808; x_wconf 51' lang='lat' dir='ltr'><em>nissum</em></span> 
     </span>
     <span class='ocr_line' id='line_1_46' title="bbox 238 4799 919 4881; baseline -0.026 -12"><span class='ocrx_word' id='word_1_415' title='bbox 238 4818 267 4881; x_wconf 83' lang='lat'><em>2)</em></span> <span class='ocrx_word' id='word_1_416' title='bbox 286 4805 468 4865; x_wconf 83' lang='lat' dir='ltr'><em>Emendatnm</em></span> <span class='ocrx_word' id='word_1_417' title='bbox 488 4820 529 4862; x_wconf 84' lang='lat' dir='ltr'><em>est</em></span> <span class='ocrx_word' id='word_1_418' title='bbox 550 4809 646 4859; x_wconf 78' lang='lat' dir='ltr'><em>sitium</em></span> <span class='ocrx_word' id='word_1_419' title='bbox 665 4809 720 4857; x_wconf 79' lang='lat' dir='ltr'><em>iarn</em></span> <span class='ocrx_word' id='word_1_420' title='bbox 740 4818 754 4853; x_wconf 78' lang='grc'><strong>1</strong></span> <span class='ocrx_word' id='word_1_421' title='bbox 775 4799 919 4853; x_wconf 79' lang='lat' dir='ltr'><em>Larnbinc.</em></span> 
     </span>
    </p>
   </div>
   <div class='ocr_carea' id='block_1_7' title="bbox 653 4914 1057 4929">
    <p class='ocr_par' dir='ltr' id='par_1_7' title="bbox 653 4914 1057 4929">
     <span class='ocr_line' id='line_1_47' title="bbox 653 4914 1057 4929; baseline -0.007 -2"><span class='ocrx_word' id='word_1_422' title='bbox 653 4914 1057 4929; x_wconf 52' lang='lat' dir='ltr'><em>mm</em></span> 
     </span>
    </p>
   </div>
   <div class='ocr_carea' id='block_1_8' title="bbox 0 0 1640 5310">
    <p class='ocr_par' dir='ltr' id='par_1_8' title="bbox 0 0 1640 5310">
     <span class='ocr_line' id='line_1_48' title="bbox 0 0 1640 5310; baseline 0 0"><span class='ocrx_word' id='word_1_423' title='bbox 0 0 1640 5310; x_wconf 95' lang='lat' dir='ltr'><em> </em></span> 
     </span>
    </p>
   </div>
  </div>
 </body>
</html>
