3218 5310
567 220 661 287 PER
682 220 836 286 nultos
857 220 1072 288 DIGESTA.
1416 235 1475 300 119

1384 454 1455 505 Anni

1393 526 1452 580 Cic.

427 647 598 774 competis
625 692 691 756 ΙΙΙ.
721 704 751 755 et
778 693 862 775 prid.
892 693 968 758 ttst.
993 697 1070 759 Oct.
1100 695 1137 757 de
1161 697 1358 771 Mithridate,

386 786 529 871 Tigrane
547 783 679 868 aliisque
703 786 834 869 regibus
855 785 946 849 victis
961 787 1149 871 triumphum
1165 788 1242 875 agit.
1279 792 1360 857 Cae.

386 900 438 943 sar
459 890 666 962 expraetore
689 878 874 964 Hispaniam
897 879 1029 943 obtinet.

182 1017 264 1092 694
299 1020 355 1093 60
387 1020 484 1086 Coss.
527 1024 570 1086 L.
592 1018 790 1112 Afranius,
817 1023 860 1105 Q.
883 1019 1052 1084 Caecilius
1073 1022 1236 1088 Metellus
1256 1027 1362 1094 Celer.
1398 1033 1450 1102 47

426 1137 527 1204 Initio
553 1140 632 1205 enni
662 1133 778 1205 Cicero
801 1137 926 1224 etlecit,
961 1156 1004 1203 ne
1033 1134 1072 1219 Q.
1095 1139 1190 1204 iretri
1218 1142 1252 1206 in
1280 1141 1364 1209 Asin

383 1231 628 1299 succederetur.
669 1231 708 1297 P.
726 1228 862 1299 Clodius
877 1227 1048 1298 Ciceronis
1068 1233 1249 1300 ulciscendi
1263 1253 1364 1302 consa

383 1327 570 1392 tribunatus
594 1323 733 1410 cupidus
760 1326 988 1391 transitionem
1008 1324 1054 1391 ed
1073 1326 1200 1411 plebem
1225 1330 1364 1399 molitur.

383 1415 499 1488 Cicero
519 1423 802 1485 commentorium
816 1416 1016 1485 concordatus
1031 1421 1082 1483 sui
1098 1422 1228 1506 scribit3
1250 1421 1291 1488 de
1302 1442 1376 1507 εο-Ι

381 1512 454 1581 dem
466 1513 582 1583 librum
599 1512 730 1579 Graece
747 1512 904 1596 scriptum
924 1509 1009 1595 edit3
1030 1509 1171 1600 dentque
1188 1520 1306 1600 poema
1321 1511 1375 1582 de'

382 1607 556 1674 consulatu
575 1605 683 1671 tribus
698 1606 791 1673 libris
805 1605 1018 1671 conscribit.¹

424 1713 499 1777 Hoc
526 1732 609 1776 anno
641 1715 680 1775 ad
711 1712 804 1774 linem
835 1722 988 1795 vergente
1018 1713 1192 1796 Pompeius
1225 1736 1296 1780 cunr
1319 1715 1362 1784 C.

383 1805 465 1871 iulio
488 1802 626 1871 Caesare
649 1805 744 1871 etM.
765 1802 889 1868 Licinio
919 1802 1039 1869 Crasso
1062 1808 1230 1872 coitionem
1251 1808 1340 1873 facit.

175 1941 256 2016 696
297 1945 351 2018 5⁹
383 1944 482 2012 Coss.
525 1948 565 2011 0.
588 1947 699 2013 lulites
720 1948 867 2019 Caesar,
890 1946 946 2009 Μ.
965 1946 1173 2029 Calpurnius
1188 1948 1342 2014 Bibulus.
1400 1958 1451 2026 48

423 2059 541 2130 Cicero
559 2063 760 2152 legationem
775 2062 870 2127 sibio
884 2055 1028 2128 Cnesnre
1047 2063 1189 2130 oblatum
1200 2082 1364 2151 esperne-

383 2160 458 2244 tur,
478 2155 629 2243 idemque
647 2157 754 2223 iocum
770 2152 889 2221 mxx
910 2154 1000 2221 Viris
1013 2174 1097 2245 egro
1122 2153 1290 2243 Campano
1309 2159 1364 2224 di-

382 2249 527 2319 vidundo
552 2254 695 2317 recuset.
737 2248 835 2331 Quod
856 2243 983 2314 caesar
1010 2267 1113 2339 segre
1142 2250 1255 2316 ierens
1282 2248 1364 2320 Clo-

382 2345 486 2431 dium,
506 2346 562 2431 qui
586 2360 623 2409 se
649 2343 687 2410 P.
703 2343 845 2409 Fonteio
864 2341 994 2425 plebelo
1012 2340 1134 2407 bomini
1153 2345 1187 2408 in
1205 2345 1363 2431 adoptio.

384 2457 455 2505 nem
465 2436 615 2521 dederet,
635 2434 679 2501 nd
692 2436 821 2521 plebem
834 2433 1008 2504 troducit.²
1050 2437 1222 2503 Hoeenno
1236 2435 1273 2505 C.
1286 2439 1363 2504 An-

382 2534 509 2618 tonius,
530 2532 608 2617 post
626 2528 766 2595 reditum
784 2549 803 2596 c
821 2535 993 2616 provincie
1013 2533 1206 2613 secusntus,
1227 2528 1363 2598 nthe-

381 2642 463 2690 rone
480 2622 678 2703 detenditur.
720 2620 965 2691 condemnatus
988 2629 1099 2690 tamen
1118 2625 1214 2690 exsul
1236 2625 1306 2691 ubit
1329 2627 1362 2690 ln

382 2714 625 2805 Cepbuleninm.
666 2716 792 2782 Postea
815 2713 931 2784 Cicero
949 2717 1122 2784 Thermum
1152 2720 1202 2785 bis
1214 2718 1363 2785 defendit

382 2812 572 2898 edentque,
602 2814 637 2875 ot
659 2810 899 2876 absolveretur.
942 2810 1071 2877 Deinde
1094 2812 1275 2876 orntionem
1298 2810 1363 2876 bs-

354 2964 358 2971 .
383 2905 452 2969 buit
469 2922 530 2988 pro
549 2900 591 2968 1..
622 2901 759 2968 Valerio
781 2902 911 2971 Flacco
929 2922 950 2968 s
967 2904 1008 2970 l).
1026 2905 1140 2970 lnelio
1158 2905 1363 2989 repetundu-

382 3016 452 3062 rum
464 2998 639 3082 uocusnto,
660 3015 797 3082 eumque
817 2996 1155 3064 de'mttnilcsiissimts
1175 2999 1363 3063 criminibus

382 3091 446 3157 ioel
463 3091 712 3175 opportunitate
730 3093 860 3155 exemit.

424 3195 555 3261 Caesari
577 3196 721 3272 consuli,
745 3195 913 3280 rogatione
935 3197 974 3260 P.
997 3194 1120 3274 Vatinii
1138 3194 1213 3258 trib.
1229 3195 1290 3278 pl.,
1315 3197 1363 3259 in·

370 3291 450 3355 mito
473 3302 599 3361 senatu,
625 3289 725 3355 Gallia
748 3289 877 3352 citerior
895 3310 965 3352 cum
986 3289 1116 3366 illyrico
1139 3301 1168 3351 et
1191 3290 1291 3353 tribus
1318 3291 1363 3353 le-

382 3381 528 3468 gionibus
543 3383 573 3445 in
590 3381 833 3465 quinquennium
854 3381 1050 3457 decernitur,
1084 3403 1149 3464 quo
1169 3381 1255 3448 iacto
1270 3405 1360 3447 seua·

383 3486 433 3539 tus
454 3474 483 3538 ei
505 3475 639 3539 Gelliam
665 3474 847 3539 ulteriorem
872 3497 941 3538 crim
965 3475 1169 3560 alialegioue
1197 3478 1294 3540 addit.
1319 3479 1360 3542 P.

383 3566 519 3633 Clodius
541 3568 678 3633 comitiis
700 3567 874 3632 tribuniciis
900 3568 977 3631 trib.
1001 3569 1046 3650 pl.
1070 3569 1253 3671 desigrpatur
1274 3502 1374 3635 eum-i

387 3683 447 3746 qtae
469 3660 658 3725 tribunatum
685 3661 747 3724 adit
764 3683 871 3724 mense
889 3661 1072 3727 Deccmbri.
1370 3650 1374 3733 i

176 3803 258 3876 696
298 3810 350 3877 58
383 3801 478 3909 ⁰⁰⁸3·
520 3805 561 3908 L.
585 3800 792 3884 Calpurnius
813 3802 895 3867 Piso
925 3804 1155 3882 Caesoninus,
1191 3805 1235 3870 A.
1259 3805 1374 3967 Gabi-i
1400 3809 1452 3880 49
1562 3901 1568 3916 ι

523 3915 614 3958 naras.

423 4008 559 4079 Clodius
588 4014 662 4078 trib.
688 4014 732 4098 pl.
753 4014 848 4104 teges
868 4015 942 4079 tulit
965 4013 998 4080 1.
1015 4018 1052 4080 ut
1075 4015 1271 4080 trumentum
1298 3970 1375 4098 post

382 4106 459 4191 pulo
481 4108 589 4196 gratis
617 4105 769 4193 deretur,
802 4104 837 4172 2.
858 4125 902 4174 ne
923 4110 997 4194 quis
1017 4127 1154 4195 percos
1175 4106 1261 4191 dies,
1289 4080 1376 4197 qui-i

380 4202 443 4267 bus
458 4219 531 4268 oum
560 4200 683 4285 populo
710 4203 766 4289 ogi
786 4203 916 4290 liceret,
949 4201 990 4268 de
1016 4204 1109 4268 seclo
1130 4203 1300 4287 servaret,
1329 4197 1364 4263 3.

381 4294 423 4360 de
438 4294 589 4381 collegiis
617 4292 831 4360 restituendis
846 4297 1008 4380 novisque
1024 4292 1248 4377 instituendis,
1271 4293 1306 4359 i.
1322 4312 1364 4358 ne

381 4407 474 4473 quem
493 4406 651 4455 censores
673 4390 706 4451 in
729 4392 848 4452 scnntu
870 4388 1013 4477 legendo
1035 4388 1256 4473 praeterirent
1278 4405 1364 4451 neve

379 4501 445 4567 otte
460 4483 640 4571 ignominie
654 4478 844 4561 allicerent,
865 4483 926 4546 nisi
940 4483 994 4565 qui
1006 4479 1095 4564 npud
1112 4498 1172 4544 eos
1187 4484 1365 4546 accusatus

381 4579 414 4640 et
450 4574 621 4659 utriusque
642 4578 811 4640 mensoris
847 4576 1013 4640 sententie
1052 4573 1225 4639 domnulus
1264 4581 1376 4640 esset·

274 4667 365 4681 —
382 4663 1189 4766 mmmdcc.
1205 4690 1225 4745 l.
1247 4699 1291 4754 18.
1312 4691 1362 4746 cir.

380 4764 483 4822 ibidem
498 4767 536 4821 ll.
553 4770 594 4828 t9.
617 4767 666 4822 tx.
680 4771 707 4823 2.
