3218 5310
592 250 832 314 HISTORIA.

165 386 259 451 Anno
281 386 378 452 Urlris
398 387 634 452 DCLXXXlI.
658 389 825 454 Ciceronis
845 389 1026 454 XXXVII.
1047 411 1132 456 coss.
1144 391 1292 472 fuerunt

67 518 144 593 CN.
179 516 416 595 AUFIDIUS
450 517 786 700 ORESTESs’uiii
808 519 1098 598 CORNELIUS
1125 518 1393 599 LENTULUS

150 769 285 834 Orestes
317 769 420 854 gentis
450 768 602 846 Aureliae
631 792 809 855 cognomen
842 784 909 837 est:
944 775 998 837 sed
1031 771 1083 837 hic
1114 775 1246 837 Orestes
1280 795 1296 835 a
1328 770 1391 836 Cu.

61 863 197 928 Aufidio
226 866 414 945 adoptatus,
444 877 479 928 ut
509 856 627 931 Ciceris
662 887 723 946 pro
750 868 846 931 doaso
878 889 950 951 cap.
982 868 1035 931 ts.
1062 868 1121 943 sit,
1154 866 1216 932 Cu.
1244 866 1392 931 Aufidius

61 948 199 1022 Orestes
224 957 325 1021 dietus
352 958 426 1022 suit.
471 957 535 1024 Cu.
570 959 736 1036 Orestem,
769 985 838 1024 erim
866 961 1010 1025 tribunus
1035 962 1122 1043 pleb.
1147 982 1217 1024 esse
1243 982 1306 1024 uon
1333 978 1392 1042 po-
1453 956 1459 964 “

58 1050 193 1128 tuisset,
217 1050 381 1118 consulem
405 1052 521 1116 tactum
545 1054 587 1121 ait
610 1053 728 1120 Cicero
747 1077 809 1137 pro
834 1055 967 1120 Plancio
994 1077 1067 1138 cap.
1093 1056 1146 1118 21.
1191 1056 1279 1119 Idem
1295 1076 1389 1137 prae·
1452 1090 1455 1095 -

59 1157 115 1211 tor
148 1147 288 1211 urbanus
317 1145 379 1208 tuit
406 1167 490 1212 auno
512 1147 610 1212 Urbis
637 1148 887 1226 DCLXXW„
922 1161 957 1213 ut
982 1170 1023 1211 ex
1051 1147 1186 1214 Valerio
1215 1149 1271 1212 lib.
1305 1146 1389 1210 VII.

58 1260 133 1324 cap.
163 1241 196 1303 7.
220 1252 366 1323 apparet.
410 1243 453 1305 P.
484 1243 638 1305 Lentulus
664 1265 733 1305 cum
758 1242 891 1307 Catilina
919 1242 1097 1307 coniuravit
1124 1253 1265 1327 atque'a
1296 1239 1391 1306 Cice·

57 1355 139 1399 rone
167 1335 298 1398 consule
324 1335 354 1397 iu
384 1357 512 1398 carcerc
541 1337 756 1421 strangulatus
781 1338 860 1412 luit,
891 1350 925 1401 ut
945 1337 1076 1401 inferius
1104 1336 1255 1400 dicemus.
1298 1336 1390 1400 Unde

60 1430 165 1491 Surae
186 1448 366 1511 cognomen
391 1429 564 1506 inuenerit,
590 1433 781 1500 Plutarchus
798 1432 827 1495 iu
850 1432 1009 1498 Cicerone
1030 1433 1093 1494 boc
1118 1435 1214 1496 ruodo
1238 1429 1388 1513 exponit:

62 1523 147 1586 Cnrn
166 1522 321 1586 Sullanis
342 1524 547 1605 temporibus
568 1538 729 1609 quaestor
753 1546 917 1606 magnam
947 1528 1013 1588 vim
1038 1528 1208 1607 pecuniae
1228 1523 1391 1605 publicae
1455 1554 1460 1562 ·

62 1614 324 1693 consumpsisset
347 1621 451 1695 atque
469 1614 682 1695 perdidisset,
712 1617 816 1679 Sulla
837 1617 875 1679 id
892 1618 995 1698 aegre
1008 1616 1126 1697 ferens
1157 1618 1323 1679 rationem
1344 1611 1388 1675 ab

58 1704 161 1766 eoin
182 1711 302 1767 senatu
328 1705 462 1786 exegit3
490 1715 562 1768 turn
588 1706 648 1771 ille
673 1708 885 1790 negligenter
914 1716 947 1770 et
975 1708 1064 1768 cuni
1088 1716 1283 1787 contemptu
1304 1728 1390 1857 Kro-

60 1814 197 1877 gressus
231 1794 400 1856 rationem
427 1815 461 1858 se
490 1795 701 1859 redditurum
731 1799 887 1877 negavit,
924 1814 1041 1857 suram
1072 1804 1187 1877 autern
1220 1816 1303 1875 prae
1326 1799 1390 1858 itn·

63 1907 163 1964 rnna,
197 1878 248 1946 tui
269 1892 307 1945 ut
333 1887 435 1965 pueri
454 1896 687 1964 consuessent,
719 1908 799 1948 curn
833 1888 867 1947 in
890 1885 985 1965 pilae
1006 1884 1137 1947 lusione
1161 1884 1390 1967 deliquissent.

61 1975 162 2038 Hinc
181 1973 274 2036 Sura
296 1973 560 2055 cognominatus
585 1975 681 2055 fuit,·
715 1996 796 2038 sura
827 1979 916 2040 enirn
947 1975 1104 2037 Romanis
1131 1984 1180 2037 est
1209 1996 1267 2054 ea,
1299 1995 1389 2057 quae

62 2065 199 2129 Graecis
221 2057 326 2149 arrian
348 2064 482 2127 dicitur.
528 2066 690 2128 Hactenus
718 2068 909 2130 Plutarchus
933 2087 1004 2146 cap.
1029 2068 1080 2126 li.
1126 2064 1248 2127 Belluru
1271 2065 1390 2152 servile

60 2157 121 2219 uin
141 2157 271 2220 tertium
291 2178 403 2220 aunisiu
427 2179 496 2219 curu
521 2160 677 2241 Spartaco
704 2161 893 2240 gerebatur,
918 2154 993 2221 'cirin
1025 2159 1075 2220 M.
1102 2156 1221 2222 Crasso
1244 2158 1389 2240 praetori

59 2249 92 2313 id
117 2253 298 2322 inundatum
320 2263 352 2313 et
375 2273 431 2313 sex
459 2253 619 2315 iriensibus
645 2254 824 2316 conlectura
854 2252 938 2328 l'uit,
967 2263 1000 2313 ut
1023 2250 1300 2333 Appisrruslibro
1323 2251 1390 2333 pri·

60 2366 115 2407 rao
140 2356 288 2409 extremo
306 2344 418 2408 scribit
440 2367 511 2426 cap.
536 2346 608 2407 teo.
662 2349 772 2432 ltaque
798 2346 919 2412 Crasso
948 2359 1012 2408 tuus
1044 2348 1228 2427 permissum
1258 2346 1389 2410 Plutar-

64 2439 144 2501 chus
174 2438 234 2515 ait,
260 2450 293 2500 ut
318 2460 419 2502 ovans
446 2440 565 2502 Urberu
589 2439 694 2503 iniret.
736 2439 821 2504 Hinc
852 2440 970 2505 Cicero
995 2438 1024 2501 iu
1052 2439 1203 2503 Pisoucm
1227 2461 1301 2522 cap.
1325 2438 1387 2502 il:

63 2531 201 2607 trun,
227 2530 331 2613 pudet
354 2553 407 2595 nre
433 2535 497 2594 tui.
539 2531 630 2611 (inid
648 2543 720 2609 est,
752 2534 848 2615 quod
876 2532 1037 2613 confecto
1056 2532 1387 2610 formidolosissimo

60 2619 169 2692 bello,
191 2640 358 2685 coronam
373 2621 478 2683 illam
499 2623 657 2687 lauream
679 2623 742 2685 tilri
761 2633 935 2705 tantopere
960 2623 1097 2687 decerni
1120 2625 1267 2688 volueris
1291 2644 1314 2686 a
1342 2643 1389 2687 se·

60 2709 171 2772 natu?
214 2711 398 2775 Exercitum
429 2714 540 2776 eodeur
570 2727 713 2797 tcurporc
747 2736 787 2777 ex
820 2712 975 2796 Hispania
1006 2713 1036 2774 iu
1062 2713 1187 2776 ltaliam
1214 2713 1389 2796 Pompeius

61 2803 187 2868 reduxit
210 2817 241 2868 et
263 2806 403 2890 qriiuque
428 2807 511 2870 milia
540 2809 769 2894 lugitivorum,
794 2808 848 2893 qiu
871 2831 888 2869 e
909 2807 1037 2891 proelio
1061 2806 1266 2890 arrsirgerant,
1292 2808 1388 2870 iuter-

60 2899 153 2976 ieeit,
180 2911 274 2983 atquc
303 2902 344 2962 ad
371 2913 533 2979 senatum,
567 2916 698 2967 auctore
724 2904 917 2979 Plutarcho,
950 2896 1093 2984 scripsit:
1129 2902 1283 2964 Crassum
1311 2903 1388 2964 acie

60 2994 274 3075 gladiatores
287 2993 443 3072 fudisse,
472 3017 506 3059 se
528 2995 654 3061 tellum
675 2998 840 3060 radicitus
861 2998 1045 3064 sustulisse.
1088 2995 1173 3057 Hinc
1206 2991 1324 3056 Cicero
1354 2989 1387 3053 in

61 3083 237 3149 Maniliana
267 3104 338 3165 cap.
367 3085 440 3146 11.ι
476 3085 582 3152 Testis
602 3096 651 3151 est
672 3089 793 3152 iterum
821 3096 853 3151 et
873 3089 1009 3168 saepius
1034 3088 1157 3166 Italia,
1189 3105 1278 3168 quae
1307 3104 1388 3146 cum

61 3178 176 3243 servili
200 3176 292 3240 bello
315 3185 401 3240 tetro
432 3179 697 3262 periculosoque
719 3187 944 3258 premeretur,
973 3176 1016 3239 alr
1040 3179 1106 3240 lroc
1133 3176 1309 3238 aua-ilium
1331 3171 1388 3235 al·

62 3277 148 3332 sente
169 3267 350 3348 expetivit:
371 3266 467 3350 quod
490 3267 618 3331 bellurn
645 3271 899 3350 exspectatione
922 3269 1074 3346 Pompeii
1095 3273 1311 3328 attenuatam
1336 3268 1386 3325 at·

65 3379 128 3442 qne
159 3358 376 3418 imminutum
403 3366 470 3437 est,
501 3356 645 3423 adventu
673 3360 849 3423 sublatum
871 3362 920 3420 'ac
953 3358 1136 3435 sepultum.
1178 3353 1281 3418 Huius
1311 3350 1385 3415 belli

65 3445 202 3512 confecti
225 3445 361 3532 gloriaur
391 3446 510 3512 Cicero
540 3469 600 3529 pro
634 3451 741 3515 Sestio
770 3470 840 3532 cap.
869 3449 921 3512 31.
950 3448 1024 3510 itcur
1050 3449 1089 3508 ad
1118 3449 1306 3528 Pompeium
1337 3445 1386 3508 bis

69 3541 168 3605 serbis
197 3541 368 3604 transfert:
407 3540 477 3619 Qui
500 3544 602 3605 etiam
636 3544 771 3609 servitia
802 3545 921 3606 virtute
954 3543 1164 3624 victoriaque
1194 3541 1386 3603 domuisset.

69 3634 184 3701 ffltiruu
209 3634 301 3698 huius
333 3631 404 3695 suni
437 3630 505 3707 die,
547 3632 650 3715 pridie
682 3656 774 3718 qrraru
808 3633 1005 3696 consulatum
1034 3631 1145 3706 iniret,
1190 3629 1383 3712 Pompeius,

70 3727 254 3793 etiamtunc
278 3748 374 3814 eques
397 3725 579 3802 Romanus,
603 3750 643 3790 ex
667 3723 822 3807 Hispania
844 3747 979 3810 procos.
999 3724 1223 3807 triurnphavitz
1248 3736 1282 3785 ut
1303 3720 1385 3784 Vel·

71 3820 142 3887 lcius
161 3822 249 3887 libro
279 3822 326 3888 11.
355 3841 427 3904 cap.
454 3821 507 3883 30.
535 3821 659 3885 scribit.
703 3821 754 3884 De
784 3843 849 3904 quo
880 3818 1041 3901 triumpho
1072 3817 1189 3882 Cicero
1218 3838 1279 3898 pro
1312 3815 1384 3898 lege

71 3913 195 3981 Manilia
221 3937 293 4000 cap.
319 3916 394 3979 ein
420 3917 602 3995 Ouidium
623 3913 838 3988 incredibile,
867 3932 971 3995 arram
997 3921 1033 3974 ut
1060 3914 1180 3974 iterum
1203 3927 1302 3988 eques
1327 3907 1386 3970 llo·

74 4028 182 4083 atarurs
204 4031 249 4075 ea·
271 4019 405 4074 senatus
429 4007 586 4073 consulto
607 4003 880 4088 triumphareti¹

824 4118 933 4127 ——u—

148 4191 240 4256 dnno
263 4191 358 4257 Urbis
378 4191 633 4256 DCLXXXIH.
656 4190 822 4254 Ciceronis
842 4190 954 4255 XXX
958 4191 1026 4252 Vll.
1050 4209 1134 4251 coss.
1147 4186 1297 4267 fuerunt

76 4319 142 4396 GN.
192 4322 448 4398 POMPEIUS
492 4321 721 4418 MAGNUS,
767 4323 816 4395 al.
865 4318 1092 4396 LICINIUS
1142 4314 1382 4394 CRASSUS.

146 4467 336 4552 Pompeium
354 4490 394 4532 ex
416 4469 451 4532 S.
473 4467 515 4532 C.
535 4468 661 4553 legibus
677 4469 831 4542 solutum,
858 4466 1019 4533 consulem
1039 4463 1263 4539 antefactum,
1289 4484 1410 4549 quam.

76 4560 158 4626 dlnm
184 4563 278 4628 alium
304 4562 520 4648 magistratum
545 4585 604 4647 per
631 4565 720 4648 leges
742 4583 855 4645 capere
883 4558 1041 4635 licuisset,
1068 4555 1185 4623 Cicero
1215 4557 1252 4621 iu·
1278 4556 1385 4620 Mani·

1158 4666 1384 4680 -ο-

76 4716 190 4849 l(Dorta
208 4718 285 4773 bunc
306 4733 410 4772 suanm
428 4717 585 4774 Huschkias
605 4720 634 4770 in
657 4715 741 4769 Anat.
762 4718 826 4769 crit.
850 4732 875 4786 p.
896 4713 940 4773 93.
959 4726 1032 4765 reete
1053 4709 1136 4766 refert
1156 4714 1310 4766 orationem
1335 4724 1384 4781 pro

103 4833 109 4846 .
192 4799 231 4849 io.

129 4902 258 4951 onomast.
283 4901 335 4951 Cle.
356 4903 376 4949 t.
