3218 5310
689 201 929 268 HISTORIA.
1334 250 1342 265 ·
1432 212 1472 276 ta

143 345 290 416 Racilius
302 343 388 409 inter
403 343 605 430 magistratus
622 343 819 418 nominatur,
843 367 935 429 quem
952 347 1145 414 Marcellino
1162 361 1193 413 et
1209 350 1362 434 Philippo
1384 374 1471 417 coss.

144 443 223 508 trib.
242 441 290 525 pl.
310 439 410 504 sitisse
436 448 531 520 snpra
559 438 723 499 diximus.²
767 438 868 521 lgitur
892 442 1030 516 Balbus,
1063 465 1132 506 cum
1161 458 1243 509 esset
1268 446 1410 510 Gadibus
1439 448 1472 511 in

143 537 300 621 Hispania
328 547 418 597 natus
452 554 489 595 ac
520 533 606 596 bello
636 531 821 594 Sertoriano
847 533 1092 616 imperatoribus
1115 539 1266 603 Romanis
1293 542 1468 623 probatus,

144 633 235 697 bello
262 630 413 693 conlecto
440 650 456 688 a
487 625 561 691 Cn.
577 627 734 707 Pompeio
760 627 885 690 civitate
908 631 1050 694 Romana
1078 633 1211 695 donatus
1235 645 1284 706 ct,
1315 634 1388 717 quia
1413 653 1471 716 per

143 730 189 791 L.
208 724 396 792 Cornelium
418 725 480 786 boc
501 721 687 783 beneficium
709 733 896 784 consccntus
918 723 998 798 suit,
1022 727 1066 787 L.
1085 723 1253 789 Cornelius
1271 727 1390 789 Balbus
1412 747 1473 791 vo·

143 826 235 885 c‘atus
264 830 325 882 est.
379 816 500 882 Inimici
524 827 556 878 ct
578 814 725 878 Caesaris
750 824 782 876 et
803 814 949 898 Pompeii
978 832 1194 884 accusatorem
1224 831 1468 904 compararunt,

144 913 200 999 qui
215 914 322 978 Balbo
342 912 407 976 boc
427 922 573 990 tempore
594 907 730 971 civitatis
753 911 1006 972 controversiam
1031 912 1148 986 movit,
1173 932 1291 996 negans
1311 934 1380 976 eum
1401 913 1471 977 iuro

144 1022 177 1073 et
199 1019 290 1072 recte
310 1005 438 1069 civitate
461 1006 630 1076 donatum,
662 1000 732 1064 etim
762 1025 803 1065 ex
826 1002 995 1067 foederato
1020 1004 1160 1086 populo,
1193 1027 1258 1089 quo
1285 1005 1316 1068 in
1339 1028 1471 1070 numero

144 1103 319 1170 Gaditanus
335 1111 422 1175 erat,
446 1118 539 1161 nemo
559 1109 686 1178 posset,
711 1096 768 1158 uisi
783 1096 810 1159 is
825 1098 963 1178 populus
981 1097 1084 1161 factius
1104 1111 1187 1162 esset
1204 1099 1338 1175 fundus,
1361 1101 1468 1176 idest,

143 1207 260 1258 auctor
287 1192 507 1277 obstringendi
535 1212 569 1255 se
598 1192 665 1253 iure
694 1188 808 1253 civium
834 1191 1069 1267 Romanorum,
1104 1191 1136 1255 in
1163 1193 1321 1258 civitatem
1352 1195 1471 1261 uenire.

144 1291 367 1355 Delenderunt
393 1287 527 1350 Balbum
557 1286 608 1348 M.
633 1282 787 1358 Crassus,
819 1284 883 1350 Co.
907 1287 1082 1369 Pompeius
1110 1300 1141 1351 et
1167 1290 1221 1353 Μ.
1244 1288 1375 1354 Cicero.
1419 1289 1470 1353 De

144 1382 336 1456 Planciana,
367 1401 449 1465 quae
470 1399 528 1442 suo
551 1378 626 1442 loco
648 1399 711 1442 non
734 1378 870 1461 legitur,
903 1378 1041 1442 dicemus
1062 1381 1160 1444 intra.
1204 1382 1300 1444 Nunc
1324 1384 1363 1445 de
1386 1379 1471 1447 Cae-

142 1478 224 1541 liaua
254 1477 432 1541 dicendum.
477 1476 551 1539 Hoc
581 1495 663 1537 anno
686 1471 876 1536 Ciceronem
903 1494 964 1555 pro
988 1475 1040 1539 M.
1062 1474 1175 1539 Caelio
1202 1477 1285 1558 apud
1310 1475 1373 1540 Cn.
1397 1475 1470 1539 Do·

142 1569 264 1635 mitium
285 1580 467 1654 praetorem
492 1566 607 1629 dixisse
624 1564 788 1631 Corradus
811 1566 932 1631 scribit.
968 1567 1134 1631 Manutius
1156 1589 1226 1631 cum
1248 1569 1279 1632 in
1297 1567 1469 1634 Commen-

139 1664 224 1728 tario
246 1662 278 1726 in
300 1664 466 1745 epistolam
489 1660 629 1745 quintam
651 1660 722 1722 libri
745 1659 875 1723 secundi
903 1663 941 1722 ad
964 1661 1007 1741 Q.
1030 1662 1175 1726 Fratrem
1203 1662 1379 1726 orationem
1405 1666 1468 1745 prb

138 1755 254 1822 Caelio
275 1757 413 1820 habitam
435 1753 627 1819 Marcellino
648 1766 679 1817 et
701 1753 853 1835 Philippo
874 1774 959 1816 coss.
983 1754 1180 1836 scripsisset,
1212 1776 1377 1837 exponens
1414 1757 1469 1819 de-

138 1851 214 1913 inde
236 1850 404 1933 epistolam
427 1847 641 1911 duodecimam
666 1845 804 1909 eiusdem
827 1847 917 1921 libri,
950 1849 1030 1911 diem
1051 1848 1097 1910 illi
1119 1850 1152 1911 in
1174 1848 1333 1910 biennium
1356 1849 1469 1929 prodi·

139 1944 184 2007 cit
205 1957 302 2027 atque
323 1945 367 2007 L.
391 1941 534 2007 Domitio
558 1953 590 2003 et
608 1939 720 2022 Appio
740 1939 876 2005 Claudio
899 1961 984 2003 coss.
1009 1940 1150 2005 Caelium
1173 1942 1211 2003 de
1235 1940 1268 2002 vi
1289 1955 1467 2004 accusatum

140 2049 173 2102 et
195 2037 360 2102 defensum
385 2056 403 2099 a
427 2037 480 2099 M.
503 2035 612 2098 'l‘nllio
634 2035 724 2097 facit.
770 2036 836 2099 Res
858 2047 907 2097 cst
929 2056 993 2098 non
1016 2034 1115 2109 levis,
1148 2056 1228 2119 quae
1252 2048 1283 2099 et
1308 2036 1386 2099 tanti
1408 2037 1469 2101 viri

140 2131 278 2196 animum
304 2131 334 2195 in
356 2129 526 2193 scribendo
548 2127 731 2190 distraxerit
758 2140 789 2190 et
817 2129 885 2191 aliis
914 2128 1081 2212 ancipitem
1108 2150 1216 2191 curam
1239 2129 1401 2213 cogitandi
1424 2130 1471 2194 al-

138 2228 227 2290 terre
262 2225 376 2307 possit.
434 2223 560 2303 Quare,
599 2243 637 2284 an
675 2221 753 2284 certi
791 2224 868 2312 quid
901 2242 1013 2285 eruere
1046 2243 1213 2305 quiramus,
1252 2225 1468 2305 experiamur.

139 2319 370 2400 Quaestionem
388 2317 471 2380 illam
489 2316 531 2381 C.
547 2316 721 2380 Domitium
741 2317 921 2380 exercuisse
940 2316 1008 2397 ipsa
1029 2315 1132 2380 oratio
1152 2319 1359 2380 demonstrat.
1393 2317 1470 2381 Fuit

139 2425 245 2477 antem
274 2411 338 2477 Cn.
367 2410 525 2475 Domitius
556 2421 686 2490 praetor
713 2411 776 2473 hoc
807 2431 908 2486 anuo,
943 2411 1027 2492 apurd
1055 2430 1147 2494 quem
1178 2408 1367 2474 Ciceronem
1403 2431 1467 2492 pro

139 2506 251 2571 Bestia
270 2505 387 2568 dixisse
408 2503 626 2566 indicarimus.
664 2504 738 2566 Fuit
759 2525 887 2587 quoque
910 2504 988 2566 alius
1003 2503 1164 2567 Domitius
1187 2514 1319 2585 praetor
1339 2504 1468 2567 biennio

138 2609 232 2683 post,
268 2602 353 2680 apud
374 2618 466 2681 quem
490 2595 617 2661 Caelius
640 2617 763 2660 caussam
793 2597 1075 2669 dicere.debebat;
1111 2618 1163 2678 cp.
1191 2597 1242 2660 13.
1270 2597 1328 2660 lib.
1350 2598 1398 2662 ll.
1430 2599 1470 2659 ad

138 2695 303 2757 Fratrem.
349 2689 418 2753 Cur
446 2702 547 2751 autem
572 2687 714 2753 Caelium
743 2692 813 2772 lege
836 2690 961 2753 Lutatia
992 2693 1031 2752 de
1061 2691 1092 2753 ui
1122 2711 1209 2753 reum
1238 2691 1356 2753 factum
1381 2693 1466 2772 apud

138 2784 334 2860 Domitium,
365 2783 489 2869 quibis
512 2805 617 2858 coss.,
649 2804 712 2846 non
734 2787 816 2866 apud
838 2806 928 2860 estin,
959 2784 1016 2866 qui
1038 2783 1164 2848 biennio
1187 2798 1262 2868 post
1284 2796 1465 2866 praeturam

138 2880 258 2966 gessit,
284 2891 412 2962 putem,
444 2877 496 2940 illa
527 2900 574 2940 me
605 2899 697 2941 causa
727 2880 859 2941 maxime
884 2890 1009 2953 movet,
1044 2883 1129 2962 quod
1157 2879 1208 2942 M.
1237 2878 1374 2943 Crassus
1406 2899 1469 2940 nna

137 2996 211 3038 cum
235 2972 347 3036 Tullio
370 2970 513 3038 Caelium
536 2971 688 3035 defendit.
733 2975 813 3035 Nam
838 2973 1043 3055 interpretum
1064 2971 1202 3046 inscitia,
1231 2973 1286 3057 qui
1313 2972 1467 3037 Crassum

138 3068 244 3134 Caelii
274 3079 492 3130 accusatorem
521 3065 659 3140 iaciunt,
691 3067 820 3130 ridenda
849 3066 899 3128 vel
928 3066 1100 3129 miseranda
1131 3067 1238 3147 potius
1266 3088 1359 3149 quam
1378 3068 1469 3130 relu-

137 3164 247 3225 tanda.
292 3161 423 3226 Cassius
453 3181 552 3236 vero,
583 3182 653 3222 cum
683 3181 764 3223 anuo
793 3160 970 3244 insequenti
998 3163 1111 3224 consul
1139 3161 1306 3242 paludatus
1341 3160 1465 3234 exierit,

138 3255 256 3338 Appio
279 3267 310 3318 et
324 3254 469 3319 Domitio
487 3275 572 3317 coss.
596 3275 635 3316 ne
651 3254 772 3318 Romae
796 3255 920 3338 quidem
941 3255 1021 3328 fuit,
1047 3256 1159 3316 nedrun
1179 3253 1350 3317 causasibi
1372 3274 1466 3317 orare

136 3348 260 3431 potuit.
302 3348 378 3411 Hne
396 3349 532 3420 accedit,
564 3351 650 3430 quod
672 3349 906 3412 Alexandrinae
928 3348 1097 3433 legationis
1120 3349 1271 3431 princeps
1291 3349 1357 3412 Dio
1379 3350 1478 3413 Aca·¹
1507 3421 1511 3430 Ι

138 3443 299 3515 demicus,
330 3442 421 3506 citius
445 3443 650 3507 interficiendi
681 3463 771 3505 eausa
800 3442 940 3507 Caelium
971 3463 1080 3503 aurum
1108 3462 1125 3503 a
1152 3440 1266 3506 Clodia
1292 3440 1467 3523 sumpsisse

137 3535 316 3600 adversarii
347 3538 540 3618 arguebant,
575 3557 658 3600 auno
692 3536 859 3617 superiore
890 3536 989 3599 luserit
1020 3535 1167 3610 occisus,
1202 3548 1333 3611 auctore
1361 3534 1467 3598 Dione

137 3633 195 3695 lib.
219 3630 392 3695 XXXIX.
417 3630 468 3692 td.
493 3642 524 3691 et
547 3632 703 3692 Strabone
727 3629 757 3691 in
778 3631 918 3704 XVll.,
954 3650 1013 3692 uec
1035 3629 1102 3692 veri
1124 3629 1223 3692 simile
1245 3631 1286 3691 sit
1305 3639 1469 3691 aceruato-
1570 3706 1574 3713 Ι

135 3745 205 3788 nm
229 3723 323 3785 basius
343 3725 446 3785 caedis
468 3723 585 3787 crimen
608 3733 640 3786 et
665 3725 895 3786 accusationem
920 3726 951 3785 in
974 3744 1072 3786 annos
1095 3724 1203 3804 plnres
1228 3724 1395 3786 distulisse.
1433 3719 1467 3783 si

136 3816 210 3901 quis
230 3815 362 3880 obiiciet
384 3816 447 3881 Cn.
466 3817 642 3881 Domitium
664 3817 756 3879 basius
777 3816 848 3879 anni
870 3829 1052 3898 praetorem
1071 3820 1109 3880 de
1126 3818 1244 3881 ambitu
1260 3813 1465 3901 quaesivisse,

136 3911 285 3978 Caelium
316 3912 354 3973 de
381 3911 412 3973 vi
442 3914 621 3973 accusatum
648 3910 762 3986 fuisse,
794 3912 838 3987 is,
868 3911 895 3974 si
921 3910 1108 3994 probaverit
1132 3912 1275 3996 singulos
1297 3920 1467 3991 praetores

135 4005 361 4070 tantummodo
375 4002 428 4066 uni
442 4003 621 4088 quaestioni
640 4004 831 4084 praefuisse,
856 4027 1001 4089 magnum
1019 4005 1144 4069 lecerit.
1186 4005 1255 4068 Nec
1276 4023 1323 4065 me
1344 4014 1463 4077 movet,

136 4100 226 4184 quod
242 4095 372 4163 Caelius
388 4097 499 4178 Appio
520 4108 551 4160 ct
570 4096 714 4160 Domitio
737 4119 822 4161 coss.
843 4120 916 4161 reus
931 4099 1103 4163 invenitur.
1142 4099 1225 4180 Quid
1245 4097 1324 4158 enim
1346 4099 1464 4175 obstat,

135 4211 279 4278 quaeso,
310 4190 496 4273 quominus
518 4192 580 4254 boc
605 4203 751 4274 tempore
773 4194 936 4256 absolutus
964 4216 981 4257 a
1011 4206 1104 4278 gente
1124 4192 1238 4257 Clodia
1263 4190 1292 4252 in
1316 4189 1466 4254 iudicium

136 4283 258 4350 retrahi
277 4282 444 4366 potuerit?
488 4285 585 4364 Quod
603 4286 759 4350 Latomus
778 4298 889 4369 putat,
914 4291 995 4351 hanc
1015 4287 1191 4353 orationem
1212 4283 1322 4367 Appio
1345 4296 1377 4348 et
1394 4284 1466 4349 Do-

137 4378 227 4445 mitio
241 4398 329 4442 coss.
350 4377 424 4441 ideo
446 4379 596 4455 habitam,
616 4382 704 4464 quod
724 4377 787 4444 Cn.
804 4380 981 4456 Domitius,
1006 4381 1060 4465 qui
1081 4389 1155 4461 post
1174 4377 1246 4441 illos
1265 4379 1376 4442 consul
1394 4378 1466 4455 luit,

172 4539 204 4603 t)
232 4533 368 4603 ,Scripta
388 4549 429 4586 esr
449 4549 474 4586 a.
493 4552 520 4587 n.
540 4550 565 4587 c.
586 4536 667 4594 69s.;
696 4534 730 4589 de
751 4551 873 4607 tempore
893 4540 968 4588 entm
988 4535 1158 4606 Hieronymo
1179 4535 1337 4607 bagaaonto
1365 4549 1463 4588 eontra

140 4606 183 4704 Fr:
202 4608 363 4663 Fabricium
383 4612 535 4668 assentton
562 4625 626 4660 nam
646 4610 718 4682 quod
740 4611 769 4665 t.
790 4610 906 4677 desilit,
934 4614 980 4682 qut
1001 4625 1025 4662 a.
1045 4611 1109 4668 697.
1129 4608 1195 4662 trtb.
1216 4610 1253 4683 pl.
1274 4608 1326 4666 luti
1355 4617 1399 4678 (v.
1419 4611 1466 4664 Pl·

143 4685 446 4834 Matutae
466 4683 1061 4833 lif..‘,''.t.¹l¹.‘,‘..”l²b'f‚¹,'.²‘dlxiiii³’
1081 4700 1156 4760 ‘'¹“
1431 4681 1465 4739 ‘¹‘
