3218 5310
449 256 544 321 PER
564 256 718 321 Auuos
740 255 955 323 DIGESTA.

262 748 333 795 nnus
349 731 383 794 in
394 727 541 816 Palatio,
561 727 749 795 Tusculano
762 733 796 795 et
812 729 987 799 Formiana
1002 732 1083 801 villo
1104 740 1244 822 pecunia

262 824 395 911 plublice
410 820 614 889 aedificanda
636 824 797 889 Ιιιιιιιιιι.1

302 932 377 993 Hoc
393 950 476 993 anno
497 928 600 992 statim
623 942 698 1011 post
721 931 888 996 Ciceronis
909 934 1043 999 redituro
1059 934 1090 999 in
1107 934 1241 1022 eiusque

260 1023 444 1091 sententiam
465 1024 501 1085 lit
520 1021 657 1100 SCtum,
681 1046 844 1110 excoque
866 1028 919 1090 lex
936 1028 1179 1115 promulgatur,
1207 1044 1241 1095 ut

261 1119 418 1201 Pompeio
432 1138 492 1201 per
513 1116 758 1201 quinquennium
784 1131 928 1201 potestas
951 1120 998 1184 rei
1019 1122 1242 1189 frumentariae

259 1224 330 1278 loto
356 1215 435 1277 orbe
463 1224 618 1274 terrarum
643 1213 809 1276 daretur.²
851 1214 889 1278 lo
915 1214 1093 1299 quindecim
1113 1218 1237 1303 legatis,

260 1328 341 1393 quos
364 1306 456 1368 hoines
475 1307 522 1370 rei
545 1328 637 1369 calesu
662 1306 835 1389 Pompeius
851 1307 910 1370 sibi
933 1308 1071 1394 legavit,
1107 1311 1168 1373 luit
1193 1312 1236 1391 0.

263 1398 391 1476 Cicero,
411 1400 499 1483 isque
513 1400 545 1462 in
562 1422 600 1463 eo
616 1399 746 1485 negotio
764 1400 796 1462 in
813 1400 986 1465 Sardiniam
998 1402 1164 1485 proiectus
1176 1416 1236 1467 est.

89 1542 135 1615 98
174 1539 227 1611 56
261 1539 356 1606 Coss.
401 1543 463 1605 Cn.
501 1540 679 1605 Cornelius
717 1540 883 1605 Lentrdua
914 1544 1162 1622 Marcellinus,
1200 1547 1241 1609 L.
1278 1553 1327 1622 Μ

400 1634 562 1698 Marcius
584 1631 774 1716 Philippos.

298 1752 399 1817 lnltlo
419 1752 498 1817 uniri
518 1746 635 1816 Cicero
658 1752 691 1815 lu
711 1756 831 1817 senutu
857 1754 944 1841 ugit,
978 1757 1015 1817 ut
1035 1753 1078 1819 P.
1098 1755 1241 1821 Lentulo

258 1842 392 1913 Ciliciae
407 1863 538 1928 procos.
559 1846 726 1933 negotium
744 1843 879 1909 duretur
895 1844 1079 1912 Ptolemuel
1099 1851 1191 1937 regis
1207 1850 1241 1912 ln

257 1958 393 2027 regnum
411 1936 599 2003 reducendi.
643 1934 686 2002 P.
706 1934 846 2005 Statirae
865 1960 886 2005 o
902 1940 953 2005 Μ.
973 1939 1082 2005 Tullio
1093 1942 1240 2007 Albino-

257 2052 344 2099 sunno
356 2032 434 2117 lege
446 2030 582 2095 Lutetia
597 2029 640 2097 de
650 2030 685 2095 vi
703 2033 891 2115 postulatus
908 2031 1129 2099 defenditure
1141 2031 1240 2101 Clee-

256 2146 337 2192 rouo
366 2126 516 2190 oratione
541 2142 626 2209 «puae
648 2127 776 2211 exstat,
807 2130 841 2191 ct
865 2128 1058 2191 absolvitur.
1105 2128 1146 2192 In
1168 2146 1239 2192 eum

258 2220 409 2285 l'utiulus
427 2220 645 2283 testimouium
664 2217 807 2283 dixerut.
849 2220 966 2305 linque
983 2216 1100 2287 Cicero
1116 2239 1241 2305 perpe·

257 2319 313 2378 tuo
333 2316 605 2399 treterroputtoue
628 2313 699 2376 eins
722 2314 876 2377 vitamet
900 2314 1099 2378 tribunatum
1120 2332 1240 2399 repre-

255 2404 378 2472 hendit.
396 2405 457 2471 lll.
475 2404 525 2472 ld.
540 2404 639 2471 Febr.
656 2406 803 2471 Bestiam
821 2404 970 2470 defundit
986 2404 1027 2471 de
1044 2409 1168 2473 umbitu
1179 2426 1240 2474 uc-

255 2505 413 2569 ensntun
443 2498 533 2565 Prld.
544 2498 630 2565 Nou.
646 2500 731 2585 Apr.
747 2498 886 2565 Tullium
904 2500 1001 2565 lilium
1019 2500 1121 2565 Furio
1135 2498 1241 2569 crae

255 2592 359 2679 sipedi
376 2591 574 2679 despondet·
618 2586 699 2659 Crem
724 2611 812 2657 nunno
836 2596 1008 2679 superiore
1031 2593 1185 2684 prodigia
1205 2598 1239 2660 ln

254 2708 337 2775 egro
372 2687 554 2752 lutiuicnsi
588 2684 679 2749 tuctu
716 2692 828 2751 esseut
869 2689 904 2752 ct
936 2685 1130 2773 haruspices
1167 2710 1240 2756 curu

255 2782 338 2846 ullus
353 2798 487 2864 coenses,
509 2780 576 2841 tum
594 2776 679 2842 henoc
701 2779 906 2865 attulissent,
935 2779 1022 2864 quod
1045 2782 1239 2848 locassem

257 2895 315 2960 pro
337 2875 488 2959 profanis
506 2873 721 2956 lulrereutur3
742 2868 880 2939 clodius
890 2872 1008 2937 uedilis
1024 2876 1057 2936 iu
1078 2878 1237 2941 concione

256 2970 352 3053 dixit,
391 2966 519 3030 domum
545 2963 716 3031 Ciceronis
741 2968 840 3031 etiarn
869 2968 956 3031 inter
979 2986 1021 3031 eu
1048 2967 1124 3034 locu
1154 2987 1239 3053 cose,

256 3081 338 3146 quem
361 3063 557 3126 consecratu
579 3060 721 3143 proteum
743 3060 958 3141 liubercniur3
997 3080 1062 3144 quo
1090 3065 1239 3145 tempore

256 3156 360 3219 ortelio
383 3172 404 3218 a
429 3150 591 3219 Cicerone
615 3152 656 3215 de
679 3152 903 3238 leuruspteum
930 3160 1106 3239 responsis
1125 3154 1240 3221 liubila

256 3268 328 3313 esse
342 3246 485 3333 inigitur.
518 3246 646 3311 lleimlc
663 3244 810 3311 ‹lelcudll
824 3246 865 3309 l..
880 3242 1079 3311 Cemeelium
1089 3246 1240 3314 Bellium

256 3341 470 3427 Gaditanum,
499 3361 593 3425 quem
613 3343 790 3407 aecusator
807 3343 994 3427 negaverat
1011 3341 1083 3405 lure
1101 3343 1238 3409 civitate

255 3436 418 3501 donatum.
467 3434 584 3499 l‘uullo
604 3440 681 3518 post
710 3436 743 3497 in
770 3436 889 3497 senutu
912 3431 1027 3500 inbuit
1056 3437 1237 3503 orationem

256 3532 298 3595 de
314 3533 501 3615 prouinciis
523 3524 771 3593 corrmlurldus.
825 3525 951 3591 codem
977 3546 1066 3591 annno
1088 3526 1239 3595 defendit

258 3622 304 3688 ll.
337 3618 496 3687 Caelium
518 3621 559 3687 ele
577 3640 677 3705 uum,
698 3618 823 3705 quoda
844 3615 961 3685 Clodio
988 3623 1183 3708 sumpsisse,
1204 3627 1237 3687 et

256 3714 297 3781 de
314 3734 460 3802 veneno,
482 3714 568 3800 quod
592 3718 621 3779 el
642 3732 779 3799 puruesc
796 3711 989 3796 dicebatur,
1010 3719 1210 3781 accusatum.

297 3822 337 3887 C.
367 3822 467 3885 lulius
495 3821 634 3895 Caesar,
667 3821 810 3883 exercitu
834 3818 866 3882 in
893 3819 1032 3884 hibernis
1055 3822 1234 3894 collocato,

256 3915 418 3977 discedens
446 3915 476 3977 in
507 3915 628 3978 ltaliam
654 3916 764 3976 Lucae
791 3912 918 3976 hiemat.
963 3916 1014 3976 Eo
1045 3915 1233 3995 Pompeium

255 4020 286 4070 ct
306 4007 454 4071 Crassum
486 4020 599 4082 vocnt,
640 4028 711 4069 cum
739 4006 839 4092 iisque
860 4007 1046 4089 paciscitur.
1081 4018 1116 4069 ut
1140 4008 1234 4068 ambo

255 4102 448 4164 consulatum
477 4102 608 4164 alterum
632 4114 756 4183 petant,
778 4115 810 4165 et
829 4106 886 4166 hnc
908 4104 1031 4167 ratione
1055 4101 1099 4162 L.
1119 4100 1232 4163 Donni·

256 4195 329 4257 tiuur
352 4198 517 4258 consulatu
551 4198 743 4272 detrudant,
778 4198 829 4280 qui
859 4198 992 4260 minatus
1022 4205 1091 4257 crat
1123 4214 1177 4268 ec,
1208 4194 1234 4258 si

254 4290 365 4353 consid
390 4290 492 4353 laetus
511 4302 611 4366 esset,
637 4289 767 4353 Caesari
786 4292 945 4353 exereitus
963 4291 1194 4370 adempturum.

89 4440 127 4513 i9
167 4445 220 4511 δῦ
256 4429 352 4494 00⁶⁸·
395 4435 455 4587 gn·
487 4430 669 4589 Pouplreiuo
698 4434 854 4515 Magnus
887 4431 953 4502 lu,
992 4428 1048 4491 M.
1086 4426 1234 4493 licinius
1271 4443 1323 4511 52

413 4527 538 4589 'carrus
597 4569 606 4585 .

295 4634 452 4701 Consules
471 4660 512 4698 cx
538 4637 721 4719 interregno
744 4634 957 4719 magistratum
984 4630 1104 4695 ineunt.
1148 4634 1233 4698 Pro·

89 4750 133 4763 -ιι
145 4751 236 4767 ,ιι-
265 4753 719 4763 —-—..—-...—-....—.
729 4754 734 4759 -
745 4740 1229 4760 --ι·ι--.“υ-...

291 4804 319 4863 l)
339 4796 372 4849 nd
387 4801 441 4851 Διι.
456 4797 501 4848 lv.
515 4802 540 4850 2.
556 4804 582 4857 5.
624 4800 653 4862 2)
673 4793 707 4847 ad
720 4797 774 4846 Au.
788 4794 834 4851 lv.
852 4802 874 4849 l.
