3218 5310
109 434 184 488 Anni
214 433 287 486 Ante

106 506 187 563 lac.
213 507 290 561 C.N.

486 213 580 278 usn
606 214 762 279 Annos
790 174 1026 305 nicusus,

309 688 361 754 ius
382 689 575 773 provinciae
602 687 915 756 administrationem
941 691 1193 758 confirmandam
1215 708 1289 756 esse

308 782 445 848 censuit.
495 779 541 845 ut
568 800 641 849 oum
662 786 741 847 ante
765 781 841 849 Kal.
864 785 970 870 April.
996 785 1132 850 Romam
1154 785 1289 849 allatam

308 877 397 940 esset
429 872 471 940 de
506 876 611 940 morte
640 870 677 942 0.
707 876 877 959 Trebonii,
921 897 1016 963 quem
1050 877 1089 943 P.
1116 877 1289 944 Dolabella

305 964 471 1056 Smyrnae
494 966 718 1036 crudebssime
736 971 931 1038 verberibus
955 990 996 1036 oc
1018 973 1191 1037 tormentis
1210 989 1289 1037 cru-

306 1064 424 1131 ciatum
432 1061 658 1145 interiecerat,
671 1064 765 1149 isque
773 1062 879 1129 bostis
887 1063 1050 1131 iudicatus
1058 1068 1158 1151 esset,
1171 1059 1288 1132 Cicero

306 1153 484 1243 postridie,
511 1174 583 1221 cum
612 1153 654 1221 de
676 1157 875 1242 imperatore
901 1157 1063 1224 adversus
1085 1159 1289 1225 llolobellam

305 1251 473 1339 ageretur,
486 1246 1289 1338 Pbilippicomhabuitomdecimom,quamius·
1421 1299 1426 1307 .

304 1345 386 1407 sium
407 1340 617 1432 deligendum
634 1362 725 1428 esse,
748 1347 802 1430 qul
817 1345 1022 1411 Dolabellam
1039 1351 1128 1411 terra
1145 1345 1289 1430 marique

305 1440 574 1526 persequeretur,
588 1435 836 1504 demonstravit.
857 1437 1006 1504 Eandem
1017 1457 1096 1522 rem,
1108 1437 1291 1523 productus

304 1547 325 1594 a
344 1529 394 1594 Μ.
408 1525 555 1595 Seruilio
571 1533 646 1595 trib.
658 1533 703 1616 pl.
718 1535 752 1595 in
769 1535 975 1620 concionem,
1006 1550 1128 1621 magno
1146 1538 1290 1599 conten-

305 1625 395 1687 tione
424 1641 613 1709 summoque
641 1624 785 1689 elamore
813 1628 848 1689 et
879 1643 1044 1690 consensu
1069 1627 1183 1712 populi
1210 1629 1290 1716 egit.

304 1715 432 1800 lleinde
454 1710 528 1782 oum
545 1717 658 1783 Pansa
676 1738 744 1784 cos
768 1717 810 1783 de
833 1720 955 1809 legatis
977 1720 1094 1784 iterum
1113 1718 1157 1785 ad
1174 1720 1290 1786 Anto-

304 1813 391 1875 nium
415 1808 457 1874 de
477 1829 561 1896 pace
580 1810 751 1889 mittendis
765 1812 967 1897 rettudisset,
990 1812 1092 1900 lique,
1120 1815 1174 1898 qui
1196 1814 1290 1898 primi

303 1906 499 1969 sententiam
520 1903 690 1988 dixerant,
711 1905 798 1970 banc
815 1898 1014 1994 legationem
1037 1904 1075 1970 P.
1091 1899 1237 1972 Servilio
1255 1909 1289 1970 ei

304 1992 455 2064 ciceroni
474 1995 690 2064 mandandam
710 2016 785 2064 esse
807 2000 1030 2082 censuissent,
1057 1995 1175 2064 Cicero
1198 1997 1289 2064 Plei-

304 2089 433 2177 llppico
454 2091 657 2156 duodecimo
677 2093 816 2180 negavit
832 2110 946 2176 pacem
965 2111 1037 2159 cum
1054 2091 1204 2157 Antonio
1218 2092 1289 2157 lieri

303 2202 416 2268 posse,
440 2183 592 2269 illamque
613 2185 814 2272 legationem
841 2185 1041 2271 deprecatus
1068 2189 1129 2249 est
1170 2185 1288 2251 Paullo

303 2280 379 2362 post
406 2277 520 2342 Pansa
546 2278 682 2343 consule
711 2276 754 2342 ad
781 2278 900 2345 bellum
929 2280 1103 2362 proiecto,
1141 2297 1214 2344 cum
1246 2278 1288 2344 de

302 2370 424 2435 litteris
443 2371 494 2436 Μ.
516 2370 647 2435 Aemilii
664 2371 782 2456 Lepidi
797 2368 840 2435 ad
863 2377 1014 2437 senatum
1035 2374 1143 2437 missis
1164 2389 1288 2461 ogere-

302 2465 372 2550 tur,
400 2465 519 2549 quibus
540 2484 611 2531 eum
633 2462 676 2529 od
698 2482 813 2548 pacem
834 2483 905 2528 oum
930 2464 1078 2529 Antonio
1102 2463 1285 2531 taciendam

301 2556 511 2644 hortabatur,
532 2553 649 2624 Cicero
672 2555 872 2645 Philippico
890 2559 1024 2624 decima
1046 2563 1152 2624 tertia
1171 2560 1287 2623 lterum

302 2652 397 2715 istam
413 2669 528 2735 paoem
547 2650 703 2717 dissuasit
720 2653 914 2736 litterasque
931 2653 974 2717 ab
990 2649 1136 2717 Antonio
1148 2651 1286 2717 ad'llir-

301 2747 381 2809 tium
399 2749 434 2811 et
452 2742 670 2812 Octavianum
689 2748 806 2811 mima
823 2746 993 2830 recitavit,
1022 2747 1070 2810 lta
1081 2748 1119 2808 ut
1136 2745 1286 2834 singulas

302 2839 373 2904 eius
397 2840 583 2903 sententias
608 2839 809 2904 confutaret.
841 2836 1185 2904 XV11.Kul.Malas
1207 2838 1285 2902 An-

302 2934 412 2996 tonius
427 2931 554 3017 proelio
573 2930 617 2996 ad
626 2931 791 2996 Mutinam
812 2935 989 3014 superatus
1007 2933 1076 3016 est,
1103 2931 1137 2994 in
1151 2950 1215 3015 quo
1232 2933 1285 2996 al-

301 3029 438 3092 tereos.
461 3025 593 3091 llirtlus
613 3025 749 3111 cecidit,
780 3027 868 3090 alter
886 3023 1000 3088 Pansa
1017 3022 1212 3089 vulneratus
1233 3025 1285 3089 est

300 3121 335 3184 et
363 3120 479 3203 paucis
507 3122 583 3204 post
617 3120 734 3184 diebus
766 3117 938 3182 Bononiae
969 3117 1126 3180 mortuus
1178 3117 1285 3182 Laeto

303 3216 411 3278 autem
433 3215 561 3277 nuntio·
578 3210 619 3288 do
648 3213 790 3277 victoria
807 3209 992 3279 Mutinensi
1013 3208 1150 3274 Romana
1170 3210 1283 3295 allato,

300 3300 416 3372 Cicero
450 3307 492 3371 ab
525 3308 653 3395 ingenti
687 3304 894 3370 multitudine
926 3305 1064 3366 maximo
1097 3302 1215 3386 plausu
1249 3305 1282 3367 in

300 3393 495 3484 Capitolium
512 3399 641 3482 ductus,
655 3402 687 3464 in
700 3400 834 3463 llostris
850 3395 1042 3481 collocatus,
1059 3394 1135 3461 inde
1155 3395 1282 3461 domum

298 3490 456 3560 reductus
466 3496 529 3559 est
568 3492 659 3558 Prid.
674 3492 807 3557 Vinalia
817 3488 947 3557 xasa
965 3486 1077 3552 Malas
1087 3485 1204 3556 Cicero
1219 3488 1282 3554 ba-

298 3585 370 3650 buit
385 3583 620 3674 Pbilippicom
636 3587 805 3665 decimam
823 3589 1000 3673 poariam,
1024 3600 1089 3668 qua
1101 3583 1198 3649 trium
1217 3580 1282 3645 du-

299 3698 371 3745 cum
402 3680 519 3760 Hirtii,
558 3679 707 3758 Pansae,
747 3675 901 3746 Caesaris
941 3673 1118 3743 Octaviani
1149 3677 1279 3740 nomine

299 3775 536 3864 qulnquaginta
567 3773 691 3838 dierum
721 3773 994 3858 supplicationem
1029 3766 1278 3846 decernendam,

296 3866 532 3954 militibusque,
554 3869 608 3953 qul
630 3887 690 3953 pro
708 3885 745 3931 re
761 3866 849 3950 publ.
864 3864 1063 3950 interierint,
1086 3878 1277 3927 monumen-

159 4011 165 4020 .
297 3964 365 4025 tum
385 3960 570 4027 faciendum
593 3963 730 4028 censuit.
753 3960 811 4024 lV.
827 3959 903 4024 Kal.
920 3957 990 4022 lun.
1006 3956 1055 4020 M.
1073 3953 1219 4039 Lepidus
1237 3970 1274 4015 se

297 4074 368 4120 cum
383 4055 531 4120 Antonio
553 4060 630 4142 post
652 4056 809 4142 proelium
825 4052 1019 4117 Mutinense
1031 4049 1138 4132 Alpes
1162 4049 1276 4110 trans-

294 4168 412 4237 gresso
438 4150 609 4215 coniunxit
633 4154 667 4214 et
693 4147 775 4233 prid.
795 4146 871 4212 Kal.
889 4144 999 4226 Quint.
1021 4142 1125 4206 bostis
1147 4137 1276 4202 iudiea-

296 4246 350 4307 tus
367 4246 428 4308 est.
469 4244 588 4308 Paullo
606 4247 682 4329 post
696 4239 821 4308 Caesam
842 4236 1047 4306 Octavianus
1064 4250 1195 4298 causam
1212 4249 1276 4314 op-

1343 215 1403 280 129

295 4339 451 4403 timotiam
472 4335 617 4403 deseruit
638 4336 884 4416 Antoniumque
908 4334 941 4396 et
963 4324 1121 4410 Lepidum
1144 4325 1179 4385 in
1200 4322 1274 4387 lta·
1344 4357 1347 4363 ·

293 4431 368 4495 liam
388 4433 578 4517 arcessivit,
607 4434 641 4496 et
664 4449 735 4496 cum
761 4425 800 4508 0.
819 4422 922 4489 Pedio
940 4419 1055 4487 consul
1073 4420 1206 4483 creatus
1231 4413 1274 4479 X.

294 4521 368 4590 Kal.
392 4522 686 4592 uct.c0nsu1atun
703 4521 793 4588 adiit.
835 4514 963 4582 lleindc
982 4530 1064 4598 pace
1084 4511 1174 4576 factu
1189 4512 1276 4575 inter

293 4611 469 4683 Gaesarem
486 4615 718 4703 Octavianum,
738 4613 918 4680 Antonium
940 4611 975 4674 et
992 4604 1166 4691 Lepidum,
1187 4601 1275 4690 apud

294 4709 500 4777 conduentes
515 4714 603 4778 inter
621 4709 789 4775 Perusiam
816 4709 850 4770 et
865 4703 1049 4768 Bononiam
1064 4719 1275 4792 congressos,
