3218 5310
624 286 864 351 HISTORIA.
1373 291 1413 353 19

81 444 248 509 Proximo
277 445 430 527 biennio,
466 444 858 536 qaoeomprebenditur
889 473 995 516 annus
1029 452 1124 518 Urbis
1151 455 1353 521 DCLXWH.
1380 469 1412 523 et

73 533 269 619 ¹DBLXIX.
292 538 462 605 Ciceronis
475 542 551 606 XX
552 544 594 607 ll.
609 554 641 608 et
655 544 790 609 XXIII.
811 544 965 629 consules
987 565 1009 606 a
1031 566 1065 607 se
1086 550 1196 608 creati
1214 568 1283 610 rem
1300 547 1413 629 publi-

610 655 689 696 cam
718 645 894 698 tenuerunt

119 795 166 870 1..
195 795 480 879 CORNELIUS
508 802 663 879 cluna
692 803 782 899 tlt,
822 803 900 877 CN.
929 803 1168 880 PAPIRIUS
1197 805 1373 881 CARBO.

169 971 240 1053 Qua
263 974 388 1039 ratione
411 977 464 1041 M.
490 978 616 1042 Tullius
638 981 702 1046 hoe
724 979 911 1053 triennium,
937 1000 1001 1062 quo
1026 981 1111 1042 Urbs
1124 980 1204 1056 ,lere
1226 981 1291 1043 siue
1315 983 1409 1044 armis

79 1063 162 1143 iuit,
186 1070 382 1148 traduxerit,
411 1072 533 1154 ipsein
557 1075 661 1139 Bruto
684 1097 755 1157 cap.
779 1075 833 1137 90.
856 1073 905 1135 his
930 1073 1034 1135 verbis
1058 1073 1208 1154 exponit:
1246 1076 1340 1158 ligo,
1361 1078 1409 1141 iss-

81 1160 170 1242 quit,
205 1163 272 1225 boc
294 1175 444 1247 tempore
465 1171 560 1231 omni
587 1179 702 1233 noctes
723 1179 754 1232 et
774 1167 842 1230 dies
862 1169 895 1227 iu
918 1169 1069 1228 omnium
1090 1166 1324 1231 doctrinarum
1345 1193 1413 1237 me·

81 1254 248 1319 ditatione
270 1255 435 1319 versabar.
471 1259 574 1322 Eram
596 1280 675 1323 cnm
690 1261 810 1322 Stoico
825 1256 993 1318 Diodoto.-
1014 1260 1078 1338 qai
1096 1277 1175 1319 oum
1197 1257 1411 1327 habitavisset

81 1344 182 1424 apud
199 1365 253 1407 me
273 1366 474 1429 mecumque
496 1351 648 1427 vixisset,
668 1370 777 1430 nuper
797 1357 844 1411 est
865 1346 961 1409 domi
982 1368 1076 1410 meae
1099 1357 1275 1410 mortuus.-
1295 1371 1318 1412 a
1339 1373 1408 1436 quo

81 1455 163 1497 eum
185 1436 221 1497 irs
241 1435 322 1498 aliis
342 1436 458 1513 rebus,
480 1447 551 1501 tum
572 1439 812 1502 studiosissime
834 1440 866 1498 in
889 1436 1075 1500 dialectica
1097 1436 1299 1513 exercebam·
1320 1463 1410 1524 qnae

80 1527 185 1608 quasi
203 1535 386 1589 contracta
407 1538 439 1590 et
460 1531 604 1592 astricta
625 1531 819 1613 eloquentia
840 1527 995 1606 putanda
1024 1538 1090 1604 est‚·
1118 1531 1187 1592 sine
1212 1551 1283 1611 qua
1304 1537 1407 1596 etiam

79 1624 142 1692 tu,
162 1613 283 1691 Brute,
305 1615 513 1696 iudicavisti,
534 1627 565 1683 te
588 1620 686 1681 illam
709 1623 833 1680 iustam
855 1617 1104 1700 eloquentiam,
1127 1640 1233 1701 quam
1254 1620 1409 1686 dialecti-

78 1725 161 1766 cum
183 1705 369 1768 dilatatam
389 1729 457 1771 esse
478 1718 620 1790 patant,
650 1709 815 1789 consequi
841 1729 907 1768 nou
927 1727 1036 1786 posse.
1079 1707 1241 1771 Hactenus
1272 1710 1408 1792 Cicero,

78 1795 134 1878 qui
156 1795 241 1857 hisne
263 1795 438 1860 Diodotum
462 1799 518 1860 lib.
542 1799 571 1862 I.
597 1822 669 1879 cap.
693 1800 725 1861 3.
749 1801 787 1858 de
811 1800 886 1859 Nat.
912 1796 1015 1859 Deos.
1039 1799 1144 1878 prisuo
1166 1801 1242 1866 loeo
1265 1821 1409 1870 numerat

79 1890 165 1951 iuter
188 1909 244 1952 eos
266 1888 498 1973 philosophos,
529 1894 685 1976 aquibus
708 1891 868 1954 institutus
891 1890 963 1953 luit.
1008 1890 1059 1953 De
1082 1896 1192 1956 eodem
1217 1895 1246 1956 iu
1270 1900 1409 1965 Lucullo

79 2005 153 2066 cap.
178 1983 241 2047 36:
281 1984 430 2048 Diodoto
453 1986 538 2067 quid
548 1985 692 2064 faciam
712 1984 860 2046 Stoico?
887 1983 986 2066 quem
1009 2006 1030 2045 a
1052 2007 1158 2065 puero
1181 1989 1315 2066 audivi,
1349 2000 1411 2078 qni

79 2098 215 2141 mecum
228 2080 304 2140 vivit
315 2085 365 2138 tot
380 2097 497 2151 annos,
513 2079 575 2159 qui
585 2076 716 2137 habitat
732 2074 828 2155 apud
840 2096 904 2148 me,
920 2096 1019 2156 quens
1033 2086 1063 2138 et
1078 2079 1229 2141 admiror
1243 2091 1273 2142 ct
1286 2083 1407 2166 diligo.

81 2181 110 2231 et
120 2189 172 2250 ep.
185 2170 236 2230 16.
246 2167 414 2230 tttnxttt.
425 2170 462 2229 ad
472 2168 562 2230 Fusu.
587 2165 787 2247 Apollonias
802 2165 896 2226 dorni
904 2186 1000 2227 meae
1014 2187 1092 2226 essm
1104 2168 1263 2244 Diodoto,
1275 2173 1406 2252 Stoico,

79 2263 234 2337 homine,
255 2283 330 2324 meo
353 2261 502 2337 iudicio,
524 2259 770 2327 eruditissimo,
793 2256 939 2316 multum
962 2274 984 2314 a
1003 2275 1112 2333 puero
1126 2257 1216 2336 suit.
1254 2260 1407 2324 Eiusdem

80 2351 222 2433 meminit
246 2374 298 2434 ep.
321 2354 353 2413 lt.
369 2351 423 2414 tib.
444 2352 509 2413 lX.
526 2353 564 2411 ud
588 2350 696 2420 Fuus.;
725 2352 762 2408 de
784 2367 848 2430 qno
867 2347 940 2408 loco
962 2345 1019 2405 etsi
1047 2347 1196 2410 Hadriani
1214 2354 1357 2418 'l'urncbi
1377 2368 1409 2419 et

77 2445 170 2510 Petri
192 2445 307 2521 Ransi,
329 2457 574 2529 praeceptorum
598 2463 759 2513 uscoruus,
784 2461 877 2524 quos,
904 2448 936 2498 ut
959 2437 1100 2518 ipsorum
1125 2442 1259 2525 dignitas
1282 2449 1405 2528 poscit,

77 2539 213 2605 honoris
237 2539 337 2623 gratia
361 2541 511 2612 nomino,
537 2536 710 2600 sententiae
734 2535 901 2620 aliquando
926 2531 1064 2593 uosmihil
1089 2534 1326 2618 discreparant,
1355 2564 1406 2605 res

77 2647 183 2697 tamen
206 2633 274 2715 ipsa
298 2657 338 2696 ex
362 2640 441 2696 vera
461 2632 551 2694 husius
575 2631 708 2693 nosuiuis
738 2627 915 2710 scriptura,
945 2647 1038 2708 quasa
1066 2627 1251 2706 Victorius,
1288 2635 1406 2699 blanu-

76 2729 137 2790 tins
158 2740 190 2790 et
208 2728 400 2802 Lambinus,
425 2727 486 2789 viri
507 2725 695 2796 doctissimi,
721 2746 738 2784 e
764 2719 893 2784 vetustis
911 2719 1000 2781 libris
1023 2719 1208 2797 ediderunt,
1233 2726 1293 2789 iaus
1316 2743 1406 2795 extra
1457 2756 1460 2766 ·

75 2821 330 2886 controversiam
355 2835 415 2886 est.
467 2821 517 2883 De
540 2823 649 2882 eodem
675 2817 793 2881 Cicero
823 2814 956 2876 'l'useul.
982 2813 1037 2875 lib.
1064 2816 1108 2876 V.
1133 2838 1203 2897 cap.
1229 2821 1281 2884 39.
1328 2825 1407 2890 Dio.

75 2913 176 2978 dotus
200 2915 362 2995 Stoicus,
383 2936 527 2992 caecus,
547 2913 675 2976 multos
700 2930 806 2974 annos
833 2918 969 2970 nostrae
1000 2907 1095 2969 domi
1115 2912 1220 2986 vixit;
1250 2917 1276 2976 is
1310 2907 1407 3001 vero,

76 3005 172 3087 quod
195 3004 356 3069 credibile
385 3009 443 3068 via·
470 3017 571 3083 esset,
603 3025 684 3067 cum
709 3005 741 3062 in
768 2999 990 3081 philosophia
1026 3000 1136 3061 multo
1162 3005 1265 3065 etiam
1294 3008 1407 3090 magis

75 3094 230 3172 assidue,
262 3117 367 3178 quum
393 3106 514 3176 autea,
547 3104 753 3170 versaretur,·
785 3100 817 3154 et
845 3110 925 3151 cum
955 3088 1081 3164 fidibus
1111 3091 1407 3174 Pythagoreorum

74 3206 168 3250 more
191 3196 342 3250 uteretur
362 3208 508 3270 cumque
528 3191 561 3252 ei
579 3187 659 3249 libri
676 3193 791 3246 noctes
814 3189 845 3242 et
872 3178 940 3242 dies
962 3180 1174 3260 legerentur:
1205 3185 1345 3268 (quibus
1370 3190 1403 3249 in

73 3274 194 3337 studiis
222 3279 334 3340 oculis
365 3299 431 3341 non
463 3279 599 3360 egebat)
631 3288 721 3350 tum,
754 3270 849 3356 quod
875 3272 944 3333 siue
977 3273 1088 3332 oculis
1104 3271 1189 3346 fieri
1215 3297 1313 3355 posse
1347 3279 1405 3339 via·

76 3364 224 3443 ridetur,
245 3373 453 3448 geometriae
476 3390 598 3432 munus
623 3366 800 3439 tuebatur,
821 3360 925 3423 verbis
950 3363 1165 3441 praecipiens
1188 3365 1405 3440 discentibus,
1512 3447 1516 3457 .

76 3455 182 3534 unde,
212 3478 283 3540 quo
312 3479 484 3541 quamque
512 3460 638 3521 lineam
665 3455 835 3517 ducerent.
876 3451 1029 3513 Mortuus
1051 3451 1111 3513 luit
1135 3453 1272 3518 Caesare
1296 3469 1327 3519 ct
1349 3458 1404 3518 Bi·

76 3547 154 3610 bulo
180 3568 266 3611 coss.
297 3570 381 3612 anuo
403 3552 443 3611 ab
469 3551 512 3614 U.
540 3549 582 3613 C.
613 3544 811 3611 Dcxclv.
857 3544 1026 3609 Cornelius
1055 3547 1185 3610 'l'aeitus
1216 3549 1246 3611 iu
1274 3551 1404 3631 dialogo

74 3641 115 3702 de
145 3640 312 3706 Oratorib.
344 3665 416 3726 cap.
448 3644 501 3706 30.
532 3645 591 3718 uit,
631 3640 822 3706 Ciceronem
851 3641 934 3720 apud
961 3638 1128 3702 Philonem
1158 3642 1402 3719 Academicum,

72 3737 158 3816 apud
183 3734 359 3799 Diodotum
383 3738 525 3801 Stoicum
557 3757 664 3800 omues
691 3731 912 3814 philosophiae
952 3742 1058 3811 partes
1092 3734 1216 3814 penitus
1250 3736 1402 3800 hausisse.

71 3826 174 3892 Addit
200 3827 320 3895 Cicero
349 3831 380 3894 in
409 3834 513 3896 Bruto
540 3854 611 3912 cap.
639 3829 693 3892 90.
738 3829 836 3893 Huic
865 3849 931 3908 ego
956 3826 1094 3888 doctori
1119 3832 1243 3892 eteius
1273 3828 1403 3892 artibus

72 3924 176 3985 curiis
198 3933 304 4007 atque
332 3926 449 3988 multis
474 3930 524 3987 ita
545 3946 639 3990 eram
662 3931 774 3985 tamen
799 3917 948 3992 deditas,
971 3927 1007 3978 ut
1034 3916 1076 3978 ab
1101 3921 1403 3982 euercs'tots'oaibus

72 4015 235 4076 oratoriis
258 4016 376 4079 nullus
401 4016 469 4081 dies
494 4037 624 4079 vacuus
653 4023 753 4086 esset,·
774 4005 1029 4073 commentabar
1051 4007 1274 4071 declamitans
1299 4030 1401 4091 saepe

71 4123 151 4165 eum
175 4101 225 4166 M.
252 4105 370 4170 Pisone
387 4115 417 4170 et
436 4128 516 4169 cum
537 4107 576 4184 0.
598 4104 758 4184 Pompeio
780 4108 842 4161 aut
864 4120 943 4161 cum
962 4096 1083 4180 aliquo
1107 4099 1278 4179 quotidie,·
1301 4100 1401 4183 idque

63 4191 249 4271 faciebam
275 4197 421 4259 multum
443 4200 545 4261 etium
560 4197 695 4271 Latine,
716 4192 774 4255 sed
791 4191 916 4256 Graece
936 4189 1091 4267 saepius:
1113 4189 1164 4248 ecl
1185 4190 1281 4272 quod
1303 4191 1401 4255 Grae·

73 4305 116 4347 ea
160 4289 273 4350 oratio
309 4289 414 4368 plura
450 4297 649 4352 ornamenta
683 4282 900 4366 suppeditans
937 4276 1211 4342 cosssuetuds'nem
1246 4282 1403 4344 similiter

75 4373 194 4440 batiae
223 4377 359 4440 dicendi
383 4379 571 4457 afferebam
599 4377 649 4441 eel
678 4374 773 4457 quod
800 4393 821 4432 a
847 4370 982 4434 Graecis
1015 4380 1153 4429 summis
1187 4370 1401 4452 doctoribus,

71 4467 139 4526 uisi
160 4466 288 4532 Graece
324 4468 489 4545 dicerem,
510 4489 617 4552 neque
645 4468 779 4547 corrigi
806 4482 939 4546 possem
962 4477 1068 4541 neque
1099 4459 1224 4524 doceri.
1267 4461 1401 4525 Cicero·

70 4577 139 4618 uem
166 4560 207 4619 ad
231 4575 412 4641 praeturam
438 4583 536 4644 usque
559 4562 683 4624 Graece
712 4558 918 4628 declamasse,
951 4561 1063 4612 auctor
1090 4562 1137 4612 est
1164 4553 1335 4620 Suetonius
1360 4558 1400 4618 de

73 4649 166 4714 elaris
197 4653 384 4720 rhetos-ihus
409 4676 480 4737 cap.
505 4658 536 4718 1.
582 4655 678 4719 Circa
700 4656 762 4715 hoc
780 4663 905 4731 tempus
928 4644 1067 4719 Cicero,
1092 4667 1163 4708 esms
1183 4647 1399 4714 Aratumiam

74 4741 253 4811 Romanum
279 4748 472 4813 hexametris
494 4748 638 4813 versibus
664 4749 829 4819 edidisset,
856 4743 886 4804 iss
915 4740 1141 4821 Xenophontis
1169 4744 1398 4806 Oeconomico

72 4832 164 4904 lusit:
199 4853 234 4907 ut
264 4842 376 4910 scribit
403 4842 621 4928 Hieronymus
651 4842 682 4909 iss
707 4839 906 4929 praefatione
938 4835 969 4898 io
1000 4834 1123 4898 Euseb.
1155 4832 1279 4897 Chrou.
1322 4830 1398 4915 lpse
