3218 5310
526 262 588 328 DE
610 261 655 329 D.
676 254 911 329 LAMBINO.
1323 262 1384 327 181
1440 204 1444 209 ·

54 408 120 470 hoc
146 405 201 468 ille
228 402 369 489 plagium
396 400 533 467 Mureto
559 404 797 486 exprobrabat,
827 401 881 465 hic
903 422 945 468 eo
966 404 1043 468 rivo
1065 400 1166 491 (quod
1187 403 1381 475 Niceronius

43 497 206 582 opponit)
227 496 379 570 tacuerit,
409 506 443 558 et
463 496 565 560 solum
588 508 746 561 mortuum
770 492 922 560 mendacii
943 506 975 558 et
995 494 1191 578 imposturae
1212 502 1381 567 accusarit.

54 592 177 659 Noluit.
196 591 317 654 scilieet
345 590 394 653 nir
421 592 545 671 probus
575 602 606 669 et
633 590 716 652 mitis
744 588 829 652 litem
860 591 898 651 de
929 609 969 652 eo
997 590 1176 668 intendere,
1207 598 1295 679 quod
1316 619 1380 661 non

54 685 133 749 tanti
158 705 226 748 esse
249 684 400 757 ducebat;
430 672 615 764 pracsertim
638 706 708 747 eum
731 704 817 747 auno
840 684 949 759 1561„
978 705 1044 767 quo
1071 697 1143 747 suut
1163 686 1233 752 illae
1255 688 1381 754 litterae

53 776 140 861 typis
156 777 271 853 editae,
297 776 473 841 Cardinalis
491 779 675 842 Turnonius
692 776 833 853 viveret,
858 775 912 862 qui
933 778 965 840 in
984 777 1161 841 clientelam
1179 802 1267 845 snam
1283 784 1381 847 Latu-

54 873 164 935 binum
185 869 367 951 iampridem
391 882 576 953 acceperat3
606 873 757 935 Muretus
780 893 859 935 vero
882 868 1083 935 Cardinalem
1105 869 1192 934 illum
1215 876 1318 941 multis
1340 880 1381 943 ab

56 987 98 1030 eo
119 963 280 1028 beneficiis
302 963 440 1047 acceptis
463 964 598 1028 maxime
622 967 821 1029 observaret.
867 965 1010 1031 Mortuis
1034 976 1135 1027 autem
1157 967 1327 1035 Turnonio
1350 985 1383 1037 et

55 1059 233 1133 Lambino,
263 1079 334 1120 eum
363 1081 398 1122 se
427 1060 557 1123 occasio
587 1061 721 1124 offerret
747 1056 858 1122 edendi
884 1057 1007 1121 litteras
1030 1079 1117 1134 suas,
1148 1061 1311 1142 amplexus
1332 1077 1382 1129 est

57 1177 126 1218 eam
150 1153 319 1228 Muretus,
351 1165 387 1215 ut
416 1155 454 1215 de
483 1157 543 1216 hac
571 1176 606 1217 re
633 1153 775 1217 breviter
798 1152 917 1238 aliquid
938 1151 1123 1226 Nicotium,·
1154 1153 1208 1237 qui
1230 1153 1382 1236 epistolas

56 1268 130 1311 snas
151 1247 353 1330 postulabat,
378 1250 522 1311 doceret.
566 1247 681 1332 Itaque
702 1246 847 1329 scripsit,
872 1258 907 1308 ut
929 1245 1122 1310 Niceronius
1144 1246 1320 1325 existimat,
1343 1254 1383 1316 de

54 1339 216 1403 Lambino
231 1342 262 1402 ¹2
299 1337 390 1421 „Hoc
419 1352 523 1403 aretem
552 1345 698 1429 aequiore
726 1345 831 1402 animo
853 1358 973 1423 possus
1005 1359 1074 1400 sum
1103 1349 1229 1400 exstare
1259 1339 1383 1430 als'quas

55 1431 208 1520 epistolas
228 1453 332 1511 meas,
362 1431 447 1521 quoal
467 1433 619 1522 quaedam
644 1431 834 1496 multesiam
861 1429 972 1494 abltt'rte
991 1436 1084 1495 antris
1105 1431 1207 1519 edittae
1225 1446 1299 1497 sunt
1314 1458 1381 1522 pro

56 1532 151 1606 meis,
175 1523 343 1614 dequibus
362 1518 536 1590 scribendis
551 1547 611 1614 ego
631 1548 671 1589 rte
685 1530 920 1613 personarium
943 1524 1067 1613 qutilem
1086 1544 1220 1613 unqtsam
1238 1530 1382 1615 cogitavi.

58 1617 267 1705 Corfinaeret
290 1640 347 1683 eas
373 1625 402 1683 is
430 1626 516 1707 zitise,
549 1625 605 1710 qui
627 1631 783 1709 tamqnam
804 1640 825 1681 a
843 1640 894 1680 me
911 1619 1009 1681 adse
1028 1623 1142 1681 nsbsas
1159 1618 1382 1708 tlt'nulgnrernt,

56 1710 152 1777 bomo
175 1711 313 1774 eruditus
332 1712 385 1776 ille
408 1714 550 1803 quidem,
578 1712 638 1776 sed
654 1710 830 1799 improbus,
858 1723 891 1776 et
912 1725 1026 1776 nutura
1044 1712 1178 1776 noceruli
1193 1736 1232 1777 ae
1251 1714 1385 1803 malda·

57 1805 164 1869 ciendi
180 1805 329 1892 cupidus,
354 1829 423 1869 eum
440 1807 583 1893 plurima
608 1817 644 1871 et
666 1810 809 1870 mnan
831 1805 958 1893 officia,
987 1804 1095 1895 quibus
1119 1829 1142 1870 a
1170 1829 1220 1870 me
1246 1808 1384 1895 affectatu

58 1911 145 1982 erat,
169 1904 298 1963 summis
323 1905 444 1963 iniuriis
468 1922 673 1987 conpensare
696 1899 795 1966 vellet.
841 1900 913 1987 (luo
937 1898 977 1963 de
1001 1922 1035 1963 ne
1063 1897 1139 1962 olim
1161 1923 1184 1963 o
1206 1922 1256 1965 me
1279 1911 1386 1990 graei-

60 2007 109 2058 ter
134 1991 330 2081 obiurgante,
361 1993 466 2056 multis
492 2015 562 2058 cum
588 1993 726 2058 lacrimis
747 2017 769 2057 n
796 2015 845 2057 me
873 1998 993 2059 eteniam
1012 1998 1123 2079 petiti,
1152 1993 1264 2084 laqueo
1288 1995 1387 2085 digna
1467 2026 1471 2031 ·

58 2093 251 2152 commisisse
275 2109 310 2149 se
322 2087 455 2174 sessus,
484 2110 554 2150 cum
580 2095 613 2151 ei
631 2093 770 2150 sermoni
792 2086 975 2152 Hadrianus
1002 2084 1162 2150 limacius
1187 2099 1220 2152 et
1244 2089 1383 2157 Ioannes

58 2183 201 2248 Atreius
211 2192 398 2268 praesentes
418 2178 633 2245 interessent.”
665 2182 784 2246 Acrius
799 2203 873 2245 sane
889 2203 925 2244 ae
942 2181 1173 2257 vehementius,
1201 2207 1293 2267 quam
1309 2188 1386 2253 Mtt-

57 2290 160 2341 retum
190 2277 338 2352 decebat,
370 2273 403 2338 in
430 2276 620 2339 Lambinnm
649 2275 792 2339 invectus
819 2287 885 2352 est,
920 2275 947 2338 si
976 2280 1014 2339 de
1043 2276 1202 2340 Lambino
1230 2279 1385 2366 loquitur.

58 2371 125 2435 Sed
154 2370 292 2434 adsueti
314 2369 479 2432 veritatem
503 2372 590 2452 quod
610 2370 770 2451 pertinet,
803 2380 913 2433 testem
935 2368 1004 2452 ipse
1025 2369 1177 2451 producit
1199 2392 1264 2435 non
1286 2378 1384 2441 modo
1471 2446 1475 2453 ,

57 2466 267 2538 Turnebum,
292 2464 345 2546 qui
367 2463 427 2525 iarn
450 2462 590 2540 obierat,
615 2467 671 2527 sed
692 2465 745 2528 Io.
769 2466 947 2538 Auratum,
971 2462 1024 2545 qui
1042 2476 1117 2525 tune
1133 2461 1278 2540 virebat3
1302 2491 1385 2552 quos

57 2560 184 2643 quidem
207 2557 384 2621 Lambinus
405 2558 498 2639 ipsc²
519 2560 624 2628 ,utros
644 2554 763 2636 ductos,
785 2552 848 2617 sibi
870 2566 961 2617 notos
984 2575 1024 2617 ac
1031 2552 1218 2638 familiares
1225 2602 1235 2635 ,
1259 2554 1386 2625 Gallius

57 2660 154 2738 nique
178 2647 257 2711 adeo
284 2651 377 2711 totuis
400 2648 552 2734 Europae
572 2653 751 2736 prt'rteipes,
783 2647 923 2734 collegas
951 2643 1054 2709 steos''
1086 2649 1238 2731 appellat.
1289 2655 1387 2734 Quod

59 2756 162 2829 autent
177 2745 335 2807 Attratum
357 2764 485 2827 quoqne
507 2757 619 2807 testem
635 2744 826 2807 Niceronius
848 2741 1050 2806 reiicicndum
1073 2753 1180 2825 putet,
1205 2749 1293 2831 quotl
1308 2749 1388 2812 Mu·

57 2849 161 2901 retum
194 2837 315 2919 patriae
351 2838 580 2903 necessitudine
613 2850 645 2902 et
677 2838 868 2922 cognatione
897 2837 1001 2921 aliqua
1030 2836 1220 2921 contigerit,
1254 2836 1286 2902 id
1315 2862 1386 2907 eunt

56 2930 171 2997 iniuria
185 2931 311 3006 lacere,
335 2932 472 2995 veritum
486 2933 624 3008 seilicet,
648 2953 687 2994 ne
702 2953 795 2996 eattsa
810 2929 984 2994 Lambinus
1001 2950 1075 2993 suus
1092 2932 1200 3003 eadat,
1224 2929 1384 2999 existimo.

145 3026 215 3089 Neo
251 3046 331 3088 vero
366 3023 393 3087 is
427 3035 495 3088 erat
523 3027 695 3102 Muretus,
730 3037 764 3089 ut
793 3027 833 3088 atl
861 3022 1165 3088 commendationem
1198 3022 1305 3105 operis
1337 3027 1387 3091 sui

56 3118 201 3203 pauculis
223 3116 303 3191 illis,
328 3137 408 3201 qttae
430 3118 605 3181 Lambinus
626 3118 842 3193 nominavit³,
867 3116 1136 3182 ernendatiouibus
1158 3114 1228 3178 sire
1247 3117 1387 3183 animad.

57 3211 264 3277 versionibus
285 3211 457 3294 indigeret.
502 3209 629 3275 Contra
650 3231 750 3285 vero,
784 3233 819 3274 se
841 3213 991 3275 nonnulla
1012 3209 1266 3273 subministrasse
1287 3214 1387 3277 Laut·

55 3307 135 3373 bino
158 3305 322 3389 professus
344 3315 455 3387 aperte
468 3302 614 3380 inarari,
639 3314 674 3366 ut
689 3303 717 3366 si
732 3325 773 3366 ex
788 3303 968 3367 hominibus
990 3323 1083 3391 eausa
1106 3303 1310 3368 existimanda
1331 3307 1385 3386 sit,

60 3400 191 3466 dubium
214 3420 282 3462 esse
306 3419 368 3462 non
387 3396 507 3480 possit,
532 3420 599 3461 eam
617 3399 821 3462 obtenturum
838 3399 1017 3461 llluretum.
1050 3396 1131 3471 Sed,
1154 3407 1187 3458 ut
1202 3396 1285 3471 dixi,
1310 3400 1387 3466 nolo

59 3493 137 3558 huic
165 3515 215 3556 me
243 3491 435 3555 dirimendae
461 3513 573 3555 causae
602 3490 793 3566 admiscere,
822 3490 1010 3573 praesertim
1036 3508 1107 3552 eum
1128 3486 1195 3551 sine
1223 3489 1389 3577 utriusque

60 3586 155 3669 culpa
176 3585 249 3649 lieri
269 3585 303 3647 id
324 3585 415 3648 facilc
438 3585 596 3667 potuerit,
621 3597 655 3648 ttt
679 3585 833 3647 alteruter
854 3606 909 3647 sua
923 3586 1117 3647 crederetet
1131 3583 1281 3665 propria,
1307 3608 1388 3670 quae

60 3678 95 3743 in
117 3690 251 3742 mentem
274 3680 365 3742 alteri
388 3679 479 3742 etiarn
503 3681 556 3743 vel
577 3699 634 3743 sua
655 3688 786 3761 sponte,
812 3676 864 3741 vel
885 3676 1047 3741 admonito
1070 3675 1146 3738 olim
1169 3679 1209 3738 ab
1227 3676 1308 3756 alio,
1331 3683 1390 3745 sed

60 3793 169 3836 earnm
192 3792 300 3836 rerum
323 3774 426 3838 oblito
447 3785 580 3856 postea,
605 3784 769 3836 venerant.
809 3770 893 3836 lllud
912 3771 1031 3845 solutu,
1054 3780 1090 3832 ut
1111 3767 1193 3847 dixi,
1216 3769 1388 3838 inhaere

59 3866 195 3930 moleste
223 3866 314 3943 lero,
346 3869 426 3931 adeo
455 3878 567 3931 contra
589 3865 779 3930 Lambinum
802 3863 958 3928 exarsisse
979 3865 1165 3938 Muretnm,
1192 3875 1227 3926 nt
1248 3862 1280 3927 itt
1301 3864 1387 3932 libro

57 3978 121 4024 suo
148 3957 318 4022 Verianum
339 3958 518 4024 Lectionum
541 3962 633 4026 locos
655 3960 726 4025 illoi
749 3980 876 4035 ornnes,
909 3958 941 4022 itt
970 3957 1085 4044 quibus
1107 3978 1178 4021 cnm
1200 3957 1292 4023 laude
1314 3979 1386 4025 eum

60 4052 297 4136 appellaverat,
337 4057 458 4121 calamo
494 4050 650 4120 deleverit
681 4054 759 4136 (etsi
787 4065 915 4137 postea,
952 4072 1024 4116 eum
1057 4073 1169 4115 rursus
1197 4054 1385 4133 ederentur,

62 4144 214 4228 retinnit)
242 4159 274 4212 et
302 4148 333 4211 in
362 4149 513 4214 adiunctis
535 4149 643 4226 libris,
674 4170 767 4234 quem
794 4147 870 4212 satis
897 4146 1070 4211 liberaliter
1097 4148 1386 4226 commendaverat,

63 4238 181 4303 aeriter
210 4243 479 4324 perstrinxerit‘t
518 4242 592 4308 licet
614 4242 810 4320 Lambinus,
845 4262 917 4306 eunt
944 4240 1128 4305 Lucretium
1166 4242 1276 4305 ederet
1304 4259 1388 4306 anno

103 4428 136 4505 1)
168 4432 217 4487 Est
247 4433 316 4490 base
344 4441 433 4508 prima
462 4438 575 4510 epistola
607 4444 635 4493 in
665 4437 786 4492 editione
805 4438 910 4491 Mureti
940 4437 1119 4510 epistolarum
1148 4438 1293 4490 Parisieast
1323 4445 1391 4493 anai

65 4506 150 4566 1580.
175 4513 204 4562 iu
230 4511 392 4564 Cominiana
418 4512 467 4567 lib.
491 4516 519 4567 2.
548 4519 573 4569 1.
602 4542 639 4556 -
664 4509 695 4586 2)
721 4512 755 4565 ln
779 4515 864 4586 Epist.
890 4511 924 4566 sd
947 4515 1056 4566 Lueret.
1083 4539 1121 4554 -
1146 4516 1176 4577 ὃ)
1203 4510 1273 4565 Sunt
1299 4511 1347 4566 lib.
1365 4513 1389 4570 1.

63 4597 123 4635 rar.
146 4585 223 4638 Lcet.
250 4589 277 4645 8.
310 4585 348 4638 11.
375 4590 419 4643 12.
451 4588 505 4642 Ill.
532 4591 559 4645 8.
585 4593 613 4648 9.
644 4590 692 4642 lV.
721 4590 766 4646 15.
802 4616 832 4630 ·-
869 4586 900 4653 t)
926 4588 986 4641 Lib.
1013 4589 1061 4642 Vi.
1089 4604 1147 4641 aar.
1172 4590 1246 4641 Lset.
1273 4602 1333 4660 cap.
1361 4593 1389 4647 8.

63 4658 145 4712 Hanc
170 4667 372 4716 correctionem
397 4677 413 4713 a
438 4680 484 4717 me
508 4679 648 4738 acceptam
674 4665 824 4735 Dionysias
851 4661 997 4716 Lambinus
1025 4668 1066 4716 rit
1094 4666 1251 4718 acutissimo
1276 4667 1391 4732 ingenio

62 4739 253 4805 acerrimoque
287 4735 392 4791 iudicio
425 4737 565 4813 praeditus
598 4738 705 4794 rettulit
739 4743 768 4791 in
800 4737 911 4794 Scholia
944 4743 973 4792 itt
1005 4755 1053 4792 eos
1084 4735 1173 4792 libros
1204 4752 1263 4792 sna.
1308 4734 1390 4795 cont.

64 4807 129 4864 Lib,
148 4809 225 4864 vul.
248 4814 292 4870 13.
319 4838 355 4854 ·-
381 4815 411 4880 ⁵)
438 4813 510 4871 Ver.
527 4814 590 4868 ieet.
619 4813 667 4869 tit.
688 4812 794 4870 xviii.
821 4830 880 4886 cap.
901 4817 928 4870 7.
967 4815 1003 4869 At
1024 4813 1172 4868 Lambinus
1198 4827 1282 4884 quant
1304 4813 1391 4865 muita

137 4916 264 4966 onomast.
284 4920 340 4966 (lie.
362 4921 382 4967 l.
1015 4897 1052 4961 31
