3218 5310
687 187 926 255 msnoum.
973 169 982 187 “
1343 174 1354 237 ἰ
1427 198 1467 260 u
1520 155 1524 161 ’

141 350 207 416 qne
224 329 357 394 iactatus
376 341 442 406 est,
468 327 665 413 Clodiusqne
684 330 764 394 diem
781 331 813 393 in
829 329 1019 410 Quirinalia',
1042 331 1076 396 id
1090 344 1138 397 est
1152 333 1254 399 XIII.
1272 334 1347 400 Kal.
1363 336 1467 402 Mart.

138 423 307 509 prodixit3
336 426 429 507 epist.
450 425 481 488 3.
502 424 561 487 lib.
582 425 631 489 II.
661 427 700 486 ad
716 425 806 488 frat.
830 436 860 485 et
878 425 970 506 epist.
993 427 1028 490 5:
1048 425 1105 490 lib.
1126 428 1154 492 I.
1176 431 1215 490 ad
1230 429 1324 493 Fam.
1349 430 1466 496 Cicero

139 530 247 582 antenr
265 516 325 580 iam
342 517 510 582 antediem
532 518 661 581 tertium
686 517 760 582 Kal.
777 518 875 581 Febr.
898 520 936 580 ad
953 521 1094 582 Atticum
1116 541 1157 582 cx
1172 521 1275 602 Epiro
1296 523 1328 586 io
1344 525 1468 587 Italiam

139 630 310 675 reversum
332 610 460 674 miseret
482 609 648 693 epistolam
664 613 695 672 1.
718 610 774 674 lib.
790 611 854 674 IV.
899 616 944 676 A.
964 614 995 675 d.
1019 612 1083 676 IV.
1103 613 1155 677 ld.
1171 615 1272 678 Febr.
1288 616 1330 679 P.
1348 618 1468 683 Sestius
1484 632 1499 656 “

141 728 158 769 a
176 704 231 768 M.
245 703 355 767 Tullio
371 704 580 769 Albinovano
603 704 674 788 lege
691 704 817 766 Lutatia
842 707 879 768 de
899 706 931 768 ri
951 706 1132 788 postulatus
1153 707 1214 770 fuit
1235 722 1373 792 propter
1395 733 1468 775 cae-

139 802 235 874 dem,
258 819 353 881 quam
376 818 459 861 auno
478 798 646 880 superiore
665 798 766 863 VIII.
786 798 858 863 Kal.
879 800 996 874 Febr„
1020 820 1093 862 cnm
1114 802 1153 862 de
1173 800 1341 866 Ciceronis
1363 804 1469 869 reditu

140 903 312 976 ageretur,
342 890 373 954 in
393 890 470 954 foro
493 891 608 955 factam
631 891 777 954 diximus.
822 889 983 956 Defensus
1008 893 1068 956 fuit
1092 914 1162 957 eum
1184 896 1225 957 ab
1247 896 1332 973 aliis,
1363 909 1468 962 tuma

141 985 188 1067 Q.
206 982 389 1049 Hortensio
411 994 444 1045 et
465 986 518 1048 M.
540 983 715 1059 Cicerone,
739 987 827 1048 cuius
850 989 955 1052 oratio
977 1009 1040 1070 pro
1059 987 1164 1052 Sestio
1187 1000 1301 1053 exstat.
1346 991 1467 1056 Sestius

140 1077 308 1144 absolutos
325 1076 387 1140 fuit
400 1077 503 1159 pridie
519 1078 597 1157 (aha
617 1079 679 1159 V.)
696 1078 746 1143 Id.
759 1081 883 1155 Mart.;
898 1082 991 1162 epist.
1006 1083 1037 1144 1.
1056 1082 1112 1145 lib.
1127 1083 1171 1147 tt.
1188 1085 1227 1145 ad
1238 1084 1329 1147 frat.
1353 1086 1469 1167 Oppu·

140 1182 299 1260 gnarerat
321 1171 459 1235 Sestinrn
484 1173 617 1236 maxime
638 1174 680 1237 P.
705 1172 872 1250 Vatinius,
902 1176 957 1259 qui
977 1176 1070 1238 etiarn
1091 1177 1302 1242 testimoninm
1326 1178 1358 1241 in
1380 1181 1468 1244 illum

142 1267 283 1331 dixerat.
327 1262 441 1347 Itaque
462 1262 580 1330 Cicero
603 1266 766 1330 Vatinium
787 1279 898 1330 testem
923 1281 1077 1352 perpetua
1101 1270 1352 1355 interrogatione
1375 1292 1470 1338 aceu-

139 1359 242 1424 sarit:
263 1376 346 1442 quae
365 1359 470 1423 oratio
492 1362 659 1442 separatim
679 1360 759 1423 edita
777 1373 897 1436 exstat;
921 1365 959 1426 de
977 1384 1038 1446 qua
1056 1363 1173 1426 Fabius
1195 1365 1252 1428 lib.
1271 1367 1318 1428 V.
1342 1387 1413 1449 cap.
1433 1370 1467 1433 7.

139 1467 173 1518 et
199 1450 322 1519 Cicero
347 1453 443 1534 epist.
466 1454 499 1517 9.
528 1453 584 1517 lib.
608 1456 638 1518 I.
669 1458 708 1517 ad
734 1454 869 1519 namin:
900 1461 992 1521 Toto
1019 1479 1100 1522 nero
1128 1457 1360 1543 interrogatio
1391 1481 1469 1533 mea

138 1545 332 1629 (ontionem
353 1546 383 1613 in
403 1545 567 1614 Vatinium
591 1547 638 1612 sic
659 1549 810 1631 appellat)
833 1551 919 1613 nihil
942 1549 1060 1613 lrabuit
1079 1550 1178 1612 eliud
1198 1552 1266 1615 nisi
1285 1556 1468 1635 reprehen-

136 1643 271 1710 sionem
290 1640 384 1708 ttttns
404 1642 622 1706 tribunatus:
654 1641 690 1705 in
715 1664 783 1726 quo
804 1644 922 1706 omnia
942 1643 1035 1705 dicto
1054 1655 1135 1706 sunt
1156 1644 1313 1708 libertate
1335 1647 1468 1711 enimo-
1516 1658 1523 1665 '

136 1758 205 1822 que
228 1738 385 1801 maximo
407 1736 448 1798 de
469 1735 520 1809 vi,
545 1735 586 1797 de
607 1735 790 1818 ormprieiis,
814 1736 856 1798 tie
873 1737 1058 1800 donatione
1077 1756 1277 1820 regnorum.
1322 1739 1390 1802 III.
1413 1741 1465 1803 Id.

138 1830 242 1894 Febr.
258 1829 376 1896 Cicero
394 1827 476 1892 dixit
494 1849 555 1910 pro
574 1827 684 1892 Bestia
705 1831 744 1892 de
767 1829 884 1890 ambitu
907 1832 991 1911 apud
1007 1842 1189 1911 praetorem
1207 1828 1272 1895 Cn.
1289 1831 1466 1895 Domitium

135 1921 272 1988 infore
292 1925 414 2002 medio,
446 1923 583 1987 maximo
609 1934 782 1988 conventu.
827 1922 919 1986 Prid.
949 1924 1000 1986 Id.
1028 1925 1071 1986 Τ.
1099 1922 1298 2005 Pomponius
1325 1924 1466 2000 Atticus,

138 2013 226 2080 Pilia
241 2037 346 2081 uxore
361 2021 472 2093 dsscta,
497 2015 621 2097 nuptias
642 2016 834 2092 celebravit,
859 2016 889 2079 in
911 2017 1025 2101 qttibus
1041 2015 1159 2081 Cicero
1176 2016 1341 2091 coenarit3
1365 2019 1465 2099 epil.

138 2110 198 2173 lib.
220 2109 271 2174 II.
293 2115 332 2174 ad
349 2112 439 2174 frat.
482 2110 619 2172 Tulliam
642 2109 736 2172 filiam
755 2107 873 2173 Cicero
899 2132 981 2175 anno
1003 2110 1153 2191 proximo
1174 2121 1246 2173 ante
1268 2113 1467 2184 consulatum

137 2224 231 2267 snnn
254 2204 465 2286 desponderat
488 2201 529 2267 C.
552 2202 664 2267 Pisoni
685 2206 729 2265 L.
749 2203 790 2266 F.
810 2203 930 2286 Fsrsgi;
954 2225 1006 2285 ep.
1029 2204 1061 2266 3.
1082 2203 1139 2266 lib.
1163 2204 1191 2266 1.
1216 2206 1254 2266 ad
1274 2205 1344 2268 Att.
1386 2205 1466 2267 Eius
1525 2225 1536 2232 ·

138 2319 250 2372 arnor,
275 2298 396 2374 virtus,
419 2297 520 2380 pietas
541 2298 573 2359 in
591 2296 779 2361 Ciceronem
803 2298 998 2360 exsulantem
1021 2306 1104 2358 tanta
1128 2297 1203 2372 fuit,
1229 2307 1263 2358 ut
1279 2317 1375 2377 supra
1389 2298 1467 2360 nihil

137 2401 271 2474 possen
303 2392 398 2473 epist.
423 2394 454 2454 1.
479 2402 511 2453 et
531 2391 563 2452 3.
591 2391 648 2454 lib.
670 2391 773 2456 xlv.
800 2393 840 2454 ad
862 2391 953 2454 Frm.
976 2401 1008 2453 et
1029 2390 1060 2453 in
1081 2400 1164 2452 orat.
1186 2401 1262 2471 post
1285 2387 1380 2452 redit.
1423 2389 1467 2453 Ei

138 2505 223 2550 rero
243 2485 382 2565 froctrnp
398 2483 523 2567 pietatis
540 2506 613 2548 suac
629 2486 716 2547 ferre
732 2505 794 2548 nou
811 2485 917 2547 licuit:
941 2483 1075 2548 decessit
1090 2484 1172 2547 enim
1188 2505 1270 2547 anno
1284 2483 1464 2566 superiore,

138 2590 175 2643 nt
195 2600 239 2643 ex
253 2579 396 2642 Sestiana
418 2600 490 2660 cap.
504 2579 558 2641 31.
582 2590 613 2641 et
629 2591 713 2642 orat.
729 2578 760 2640 ia
776 2578 940 2642 Vatinium
958 2599 1028 2660 cap.
1042 2581 1095 2640 11.
1112 2577 1330 2661 cognoscitur.
1362 2577 1465 2657 Quem

137 2694 211 2735 curn
228 2671 336 2736 Tullia
351 2673 414 2736 boc
428 2692 512 2735 anno
528 2672 690 2747 struxisset,
709 2670 826 2735 Cicero
841 2671 943 2753 pridie
959 2673 1048 2735 Non.
1065 2672 1150 2751 Apr.
1167 2691 1235 2732 eam
1251 2671 1353 2734 Furio
1368 2670 1466 2735 Cras·

137 2767 243 2848 sipedi
263 2766 432 2849 despondit
454 2766 546 2849 cique
568 2767 670 2833 VIII.
694 2765 771 2828 Idus
792 2765 950 2847 sponsalia
971 2763 1139 2846 praebuit;
1162 2764 1219 2827 lib.
1243 2764 1290 2829 II.
1312 2767 1350 2826 ad
1372 2766 1465 2830 Frat.

137 2860 238 2944 epist.
261 2861 311 2936 5..
341 2871 375 2924 ut
397 2858 561 2923 Manutius
582 2881 666 2921 uisne
687 2859 861 2923 distinxit..
885 2861 976 2924 Unde
999 2858 1108 2920 scribit
1131 2860 1171 2920 ad
1193 2858 1295 2921 Attic.
1318 2859 1376 2921 lib.
1399 2860 1465 2923 lv.

137 2954 237 3039 epist.
260 2956 311 3020 fn:
338 2955 511 3021 Vioticum
533 2954 712 3035 Crassipes
731 2953 913 3037 praeripit.
958 2954 1008 3018 De
1030 2954 1090 3014 hac
1112 2952 1333 3016 coniunctione
1356 2963 1467 3036 gratu·

137 3049 224 3113 lstns
246 3048 339 3111 etiam
355 3048 511 3111 Lentulus
528 3045 677 3112 Ciceroni
700 3046 777 3110 fuit:
802 3047 852 3109 cui
868 3045 986 3111 Cicero
1008 3047 1180 3128 respondet
1203 3045 1295 3126 epist.
1314 3050 1344 3109 t.
1368 3047 1422 3116 lib.
1435 3046 1467 3113 I.

138 3144 181 3206 ae
201 3142 295 3208 Fan.
340 3141 429 3206 Non.
452 3141 561 3223 April.
592 3141 710 3205 factum
740 3141 799 3205 fuit
821 3144 857 3205 S.
881 3141 924 3206 C.
954 3143 985 3205 in
1009 3140 1177 3206 Ciceronis
1198 3139 1400 3216 sententiam,
1430 3150 1468 3203 ut

139 3238 181 3300 de
208 3219 292 3321 ag'ro
316 3232 481 3318 Campano
510 3234 669 3319 frequenti
699 3248 808 3298 senatu
838 3236 947 3298 Idibus
970 3234 1065 3298 Maiis
1090 3233 1286 3307 referretur3
1316 3233 1410 3317 epist.
1434 3236 1466 3298 9.

137 3329 199 3393 tit».
213 3330 243 3394 I.
264 3330 304 3392 ad
319 3329 410 3392 Fxm.
447 3327 530 3391 Cum
548 3339 650 3390 antem
666 3327 784 3392 Miloni
805 3329 869 3391 dies
891 3327 923 3390 in
940 3331 1049 3392 Nonas
1071 3326 1177 3390 Maias
1199 3327 1346 3409 prodicta
1368 3340 1467 3404 essct,

139 3420 263 3489 Cicero
285 3423 391 3486 Roma
413 3421 512 3485 exivit
535 3421 689 3504 villasque
711 3421 875 3496 lustravit3
901 3422 993 3503 epist.
1018 3427 1049 3484 t.
1067 3433 1099 3484 ct
1114 3423 1146 3485 8.
1170 3421 1226 3485 lib.
1241 3422 1289 3485 11.
1313 3423 1352 3484 ad
1374 3423 1465 3487 Frat.

139 3515 299 3600 Prodigia
324 3513 449 3578 interim
471 3515 572 3590 facta,
602 3525 636 3576 ut
657 3513 722 3577 nto
752 3515 807 3579 lib.
829 3517 998 3580 XXXIX.
1027 3538 1058 3578 c.
1081 3516 1134 3578 20.
1164 3515 1285 3578 scribit.
1330 3516 1411 3578 Nam
1434 3527 1466 3578 et
1506 3538 1509 3544 ’

138 3609 173 3673 in
196 3608 325 3673 Atnsno
347 3620 454 3672 moute
476 3608 624 3670 sacellum
647 3609 795 3684 Istuonis,
821 3611 909 3692 quod
931 3609 961 3672 in
986 3629 1091 3673 mensa
1113 3611 1287 3673 dedicatmn
1312 3609 1465 3674 orientem

138 3701 242 3766 soleto
270 3704 455 3784 spectabat,
489 3705 529 3764 ad
557 3701 790 3784 septentriones
819 3723 1008 3766 conversum
1040 3714 1107 3766 cst:
1140 3705 1195 3767 fax
1223 3726 1241 3765 a
1270 3703 1398 3765 meridie
1426 3707 1465 3767 ad

138 3797 321 3882 aquilonem
344 3795 471 3879 porrigi
494 3796 581 3859 visa:
613 3796 705 3878 lupus
727 3797 836 3857 urbere
859 3796 1006 3873 intrarit,
1033 3808 1121 3861 terra
1144 3798 1262 3871 movit,
1286 3795 1372 3859 cites
1395 3796 1467 3881 qui·

138 3892 211 3954 darn
241 3888 374 3953 fulmine
402 3890 455 3952 icti
482 3900 555 3952 sunt
585 3900 616 3951 ct
643 3890 674 3952 in
705 3910 787 3973 agro
809 3889 984 3954 Latiniensi
1007 3889 1129 3954 auditus
1152 3889 1210 3951 fuit
1233 3888 1383 3969 strepitus
1406 3893 1464 3952 sub

136 3995 227 4047 terra
250 4003 321 4045 cum
340 3982 484 4046 fremitu.
529 3983 620 4063 Quae
650 4003 719 4046 cum
749 3985 932 4065 haruspices
954 3983 1077 4066 expiari
1099 3983 1233 4056 vellent,
1263 3983 1364 4045 iratos
1386 3983 1464 4045 deos

137 4097 229 4151 esse,
261 4079 349 4161 quod
378 4078 446 4142 loca
477 4096 568 4140 sacra
591 4090 623 4139 et
644 4077 795 4161 religiosa
817 4079 953 4160 profana
975 4079 1185 4150 haberentur,
1215 4076 1463 4155 responderunt.

136 4170 236 4235 usne
266 4169 466 4235 occasionem
494 4170 647 4253 arripiens
669 4169 803 4236 Clodius
830 4171 939 4233 aedilis
966 4169 1283 4234 habuit-concionem
1306 4170 1345 4229 de
1367 4169 1465 4231 sacris

138 4274 172 4329 et
200 4261 414 4347 religionibus
442 4274 536 4348 atquc
559 4263 725 4329 Ciceronis
755 4266 881 4328 domum
911 4265 993 4328 iuter
1014 4286 1050 4327 ea
1073 4264 1143 4325 loca
1165 4283 1235 4324 esse
1258 4261 1354 4334 dixit,
1384 4284 1465 4346 qttac

138 4352 495 4439 eomecrsta‘profana
524 4359 727 4423 haberentur.
770 4359 883 4443 Itaque
913 4357 1067 4442 postridie
1090 4355 1209 4421 Cicero
1239 4356 1408 4418 defendens
1430 4378 1465 4418 sc

138 4446 172 4513 in
193 4461 323 4526 senatu,
354 4450 410 4535 qui
435 4473 480 4516 =ex
505 4453 709 4535 haruspicum
732 4472 890 4536 responso
913 4454 1117 4523 decreverat,
1148 4461 1181 4511 ut
1203 4451 1242 4511 dc
1264 4449 1342 4513 loeis
1365 4449 1464 4513 sacris

141 4554 172 4606 et
191 4543 355 4628 religiosis
377 4546 524 4609 consules
546 4548 586 4608 ad
607 4558 748 4610 senatum
765 4548 947 4619 referrent,
982 4544 1157 4606 orationem
1179 4543 1287 4605 habuit
1309 4546 1348 4607 de
1370 4547 1466 4607 haru-
1584 4540 1587 4545 “

140 4633 263 4717 spicosa
277 4637 459 4720 responsis,
483 4659 562 4724 quae
578 4650 700 4703 exstat:
723 4640 753 4703 in
776 4662 837 4724 qua
859 4636 1063 4720 haruspicum
1085 4658 1239 4718 respousa
1258 4650 1370 4701 contra
1386 4636 1467 4701 Clo·

143 4726 225 4794 dan
247 4727 491 4816 interpretatur.
536 4734 619 4797 Tum
641 4753 769 4819 qnoque
793 4732 929 4812 Cicero,
961 4743 995 4796 ut
1018 4731 1082 4802 Dio
1104 4732 1279 4810 xxxix,
1304 4733 1358 4795 21.
1387 4729 1469 4794 seri·
