3218 5310
642 286 886 354 HISTORIA.
1012 320 1016 329 =
1412 282 1453 346 39

131 432 204 493 iam
232 428 406 508 stipendiis
435 428 603 508 confectis
632 438 746 504 eraut,
777 428 920 506 dimisit,
949 437 1081 510 partem
1103 428 1278 490 Glabrioni
1296 424 1453 488 tradidit:

129 522 287 584 baetenus
313 520 446 586 Cicero.
497 518 663 584 Confectis
685 520 847 601 stipendiis
870 529 960 583 eraut
981 518 1093 581 milites
1117 518 1296 591 Valeriani,
1332 513 1454 581 (liceli-

129 638 199 701 psoe
224 618 258 679 oi
282 614 339 694 τῆς
361 615 535 699 στρατείας
555 611 755 696 ἀφεθέντες,
786 625 820 676 ut
840 615 905 678 Dio
927 613 1069 699 loquitur
1093 613 1193 694 (Lib.
1215 614 1371 687 XXXV,
1401 612 1453 673 11.

129 709 213 772 Vol.
245 709 277 773 I.
303 729 381 792 pag.
407 709 481 773 200.
503 712 616 786 Stura,
641 711 696 794 qui
724 709 820 771 edidit
846 705 1083 795 (antipatrem
1107 709 1162 792 qui
1190 708 1292 783 addit,
1330 708 1452 769 turbam

128 802 224 864 etiem
254 813 323 867 tum
351 803 484 880 factam,
521 826 590 867 eum
620 806 732 868 milites
765 803 900 866 Acilium
932 804 1111 876 consulem,
1147 803 1218 886 qui,
1255 814 1288 863 ut
1314 800 1454 863 Lucullo

130 899 338 973 ssmcederet,
371 897 483 962 missus
512 910 598 974 erat,
630 902 800 962 aduentare
833 898 987 961 audirent.
1037 901 1146 983 Atque
1174 897 1296 960 Acilius
1319 896 1454 960 Glabrio

128 1001 198 1065 eet,
221 1011 317 1077 queem
339 989 457 1055 Cicero
482 992 514 1054 iu
536 992 711 1056 Maniliana
731 990 868 1055 Lucullo
890 989 1080 1053 successisse
1104 990 1158 1052 ait.
1203 992 1277 1053 Huc
1295 991 1458 1072 pertinent

127 1086 230 1148 verba
249 1085 304 1149 ilIa
322 1085 469 1162 Salustii,
494 1107 575 1172 quae
593 1108 633 1149 ex
652 1087 710 1149 lib.
728 1089 775 1150 V.
794 1086 907 1149 histor.
929 1087 1012 1165 apud
1029 1085 1224 1147 Priscianum
1246 1085 1303 1148 lib.
1316 1085 1455 1148 XVlll.

130 1181 305 1265 leguntur:
341 1182 504 1262 legiones
526 1181 746 1253 Valerianae,
777 1188 970 1260 comperto,
1001 1179 1077 1260 lege
1102 1178 1244 1242 Gabinia
1264 1179 1455 1261 Bithyniam

131 1283 164 1337 et
186 1274 332 1336 Pontum
354 1273 492 1335 consuli
519 1271 655 1347 taram,
686 1291 754 1334 sese
783 1273 900 1333 missos
928 1289 1005 1335 esse.
1061 1271 1135 1333 Fuit
1167 1272 1249 1335 enim
1279 1273 1343 1336 hoc
1372 1291 1454 1333 anno

129 1363 275 1427 tribunus
298 1364 345 1446 pl.
375 1366 419 1427 A.
451 1362 624 1425 Gabinius:
648 1360 720 1444 qui,
745 1382 815 1424 erim
842 1362 962 1442 piratae
987 1384 1050 1425 uon
1077 1366 1178 1426 solum
1203 1367 1318 1442 maria,
1345 1387 1454 1429 verum

129 1456 223 1522 etiarn
255 1478 330 1522 oras
367 1456 539 1519 maritimas
578 1455 642 1518 suis
676 1454 849 1518 latrociniis
882 1455 1012 1518 infestas
1038 1461 1227 1534 redderent,
1263 1472 1458 1544 utpraetcr

132 1551 307 1616 historicos
328 1549 446 1615 Cicero
470 1549 500 1612 in
524 1549 696 1613 Maniliana
723 1569 796 1630 cap.
823 1553 876 1611 ll.
900 1549 961 1624 ait;
984 1553 1023 1614 de
1045 1573 1109 1616 uno
1131 1553 1325 1636 imperatore
1345 1566 1458 1616 contra

133 1648 315 1727 praedones
336 1645 558 1709 constituendo
581 1645 683 1727 legem
707 1642 797 1705 initio
819 1643 869 1705 sui
889 1644 1065 1707 tribunatus
1086 1648 1315 1728 promulgavit.
1366 1651 1458 1714 Unde

132 1739 217 1803 idern
243 1751 319 1822 post
343 1737 476 1800 reditum
498 1738 530 1799 in
553 1749 663 1801 senatu
687 1758 754 1818 cap.
774 1739 806 1799 5.
830 1740 869 1800 de
897 1738 1054 1801 Gabinio:
1077 1741 1149 1817 Oui
1173 1744 1207 1804 iu
1232 1746 1458 1824 magistratu,

130 1832 255 1919 inquit,
287 1835 356 1894 nisi
381 1835 596 1914 rogationem
612 1829 663 1892 'de
684 1831 834 1909 piratico
856 1829 947 1894 bello
968 1831 1117 1908 tulisset,
1146 1832 1306 1913 profecto
1328 1842 1360 1896 et
1378 1854 1458 1912 cge-

133 1935 222 1990 state
242 1934 275 1991 er
300 1921 515 2004 improbitate
540 1930 702 1995 coactus,
723 1922 911 2001 piraticam
929 1926 999 2004 ipse
1016 1926 1167 2004 fecisset.
1186 1932 1190 1944 “
1208 1926 1291 1988 'l'um
1312 1928 1459 1989 Horten·

133 2017 200 2082 sius
220 2016 254 2080 io
272 2027 383 2079 senatu
405 2024 518 2078 contra
549 2011 716 2074 Gabinium
744 2012 888 2095 graviter
916 2026 1091 2100 ornateque
1120 2018 1210 2082 dixit.
1256 2021 1299 2100 Q.
1325 2020 1459 2086 Catitlus

133 2133 208 2175 curn
230 2130 272 2173 ex
297 2109 420 2192 populo
445 2111 541 2172 Rom.
565 2117 750 2190 quaereret,
776 2104 804 2168 si
828 2104 859 2166 in
882 2128 944 2170 uuo
969 2109 1129 2190 Pompeio
1156 2113 1260 2185 omnia
1284 2126 1457 2196 ponerent,

135 2204 262 2288 siqreid
291 2224 331 2268 eo
357 2203 473 2265 factum
495 2215 607 2275 esset,·
628 2199 658 2260 in
683 2221 747 2281 qrro
772 2220 858 2281 spem
890 2212 995 2264 essent
1017 2204 1177 2268 babituri:
1207 2208 1291 2290 cepit
1313 2231 1460 2293 magnum

135 2318 212 2362 strae
239 2296 367 2360 uirtutis
394 2297 532 2358 fructum
564 2316 600 2356 ac
635 2292 918 2376 dignitatis,'euru
947 2317 1055 2360 omues
1091 2321 1151 2362 una
1185 2322 1289 2384 prope
1317 2325 1397 2367 voce
1429 2306 1462 2367 iu

136 2414 175 2457 eo
199 2393 272 2475 ipso
299 2412 334 2454 se
356 2412 443 2472 spem
466 2388 632 2450 habituros
654 2408 722 2450 esse
744 2386 902 2449 dixerunt.
947 2391 1038 2453 Haec
1059 2390 1177 2458 Cicero
1204 2416 1265 2476 pro
1289 2397 1360 2480 lege
1386 2396 1461 2459 Ma·

136 2486 209 2550 uilia
239 2506 313 2567 cap.
336 2485 409 2558 20..
442 2482 495 2545 ubi
519 2503 592 2565 cap.
622 2481 674 2544 12.
700 2489 785 2543 extr.
818 2480 860 2543 ait
886 2482 996 2562 ctiam,
1039 2486 1228 2568 Pompeium
1254 2491 1317 2552 hoc
1348 2490 1462 2555 bellum

135 2580 327 2663 piraticum,
352 2578 440 2661 quod
464 2577 532 2658 ipse
552 2596 625 2638 cum
648 2573 786 2637 Salustio
806 2576 992 2641 nraritimum
1016 2581 1174 2656 nominat,
1198 2595 1339 2648 extrema
1361 2585 1464 2649 hieme

136 2695 327 2760 apparasse,
358 2674 483 2735 iueunte
519 2691 593 2733 vere
621 2667 819 2749 suscepisse,
858 2672 955 2734 media
986 2686 1103 2738 aestate
1133 2677 1322 2740 coniecisse.
1374 2679 1464 2743 Inter

138 2769 268 2834 Gabinii
298 2768 439 2849 collegas
457 2766 517 2829 fuit
536 2767 580 2826 L.
601 2761 739 2826 lIoscius
763 2764 870 2839 Otho,
895 2788 987 2849 quiem
1011 2767 1129 2833 Cicero
1149 2793 1209 2852 pro
1232 2773 1463 2857 Murena'cap.

138 2866 187 2931 19.
214 2866 262 2929 ait
284 2862 461 2926 restituisse
483 2858 621 2944 cqtrcstri
642 2855 745 2920 ordini
771 2879 835 2920 non
862 2861 964 2923 solum
984 2862 1184 2945 dignitatem,
1209 2870 1265 2928 scd
1289 2867 1379 2933 etiam
1403 2890 1464 2932 vo-

138 2960 304 3043 luptatem.
358 2956 447 3018 'sulit
479 2955 559 3018 cuim
587 2954 650 3014 hoe
679 2971 761 3015 anno
793 2953 938 3017 tribunus
970 2956 1057 3036 pleb.
1087 2958 1209 3040 legem,
1243 2972 1278 3022 ut
1304 2960 1463 3047 equitibus

138 3054 236 3117 Rom.
261 3052 293 3115 in
317 3052 443 3114 theatro
465 3045 718 3134 qtrattuordeeim
747 3048 863 3130 gradus
892 3049 1032 3128 proximi
1060 3051 1317 3134 assignarentur:
1352 3070 1465 3119 auctor

141 3147 254 3211 Livius
273 3146 331 3209 lib.
346 3143 478 3209 XCIX.
488 3139 594 3205 etDio
607 3139 691 3201 libro
703 3141 873 3216 XXXVI,
889 3143 942 3204 25.
972 3142 1024 3206 De
1038 3146 1145 3206 eadem
1162 3145 1235 3229 lege
1254 3149 1415 3213 Asconius
1435 3151 1464 3212 iu

143 3241 366 3308 Cornelianum
399 3239 443 3301 ita
477 3234 605 3300 scribit:
637 3234 760 3298 lloscia
790 3243 854 3311 est,
887 3256 957 3316 aaa
984 3236 1021 3297 l..
1051 3237 1190 3301 lloscius
1216 3242 1303 3304 Olba
1332 3242 1464 3306 biennio

144 3346 217 3401 aute
240 3333 478 3409 confirmauit,
506 3338 544 3392 ut
564 3331 599 3389 in
620 3325 751 3387 tlteatro
773 3323 943 3407 equitibus
957 3325 1114 3389 Romanis
1135 3329 1227 3392 XIV.
1245 3331 1377 3395 ordines
1396 3352 1467 3412 spe-

145 3424 259 3488 etoutli
278 3426 397 3506 gratia
418 3422 587 3484 darentur.
629 3412 778 3479 Meminit
799 3415 935 3476 eiusdem
959 3415 1088 3478 Tacitus
1112 3417 1186 3481 libr.
1211 3421 1292 3483 XV.
1316 3444 1386 3503 cap.
1410 3423 1464 3485 32.

147 3515 298 3581 Horatius
320 3512 352 3575 in
368 3514 487 3592 Epodo
507 3513 539 3572 lt.
563 3519 594 3570 ct
616 3506 720 3588 Epist.
745 3506 799 3571 lib.
821 3507 849 3570 1.
875 3529 927 3590 ep.
950 3509 979 3571 l.
1006 3531 1037 3570 v.
1055 3510 1107 3573 62.
1133 3524 1163 3573 ct
1187 3513 1345 3577 Iuvenalis
1368 3516 1464 3577 Satir.

147 3607 205 3674 ltt.
228 3631 265 3672 v.
290 3607 364 3669 159.
389 3619 420 3668 et
443 3607 510 3667 Sat.
531 3604 631 3668 XIV.
657 3622 688 3662 u.
713 3599 786 3663 321.
831 3604 881 3663 'I'u
906 3602 977 3665 vide
999 3603 1197 3682 Xylandrum
1221 3606 1251 3668 iu
1273 3609 1466 3670 Anuotatio-

148 3702 232 3767 adres
252 3701 286 3764 in
310 3697 474 3762 Plutarchi
499 3696 708 3767 Ciceronem
743 3693 771 3754 in
802 3715 880 3773 qtras
905 3716 940 3757 ea
965 3697 1141 3773 transtulit,
1181 3720 1262 3783 quac
1285 3713 1355 3761 aute
1377 3700 1467 3764 bien-

150 3794 224 3858 nium
243 3796 283 3855 ad
298 3793 398 3874 ipsum
416 3813 478 3873 pro
497 3802 605 3853 nostra
623 3784 754 3849 amicitia
772 3788 949 3851 nriscra1u.¹
987 3791 1108 3852 Eodem
1126 3812 1226 3866 anno,
1251 3815 1319 3853 curn
1337 3815 1468 3875 maguus

152 3887 277 3952 ambitus
303 3896 402 3957 esset,
429 3884 470 3950 C.
500 3881 670 3946 CorueIius
696 3878 842 3942 tribunus
864 3883 952 3962 pleb.
979 3882 1022 3959 is,
1048 3885 1100 3967 qui
1125 3886 1249 3948 biennio
1276 3898 1349 3966 post
1372 3887 1467 3950 usuc.

152 3982 231 4046 etatis
250 4002 325 4044 reus
344 4003 360 4043 a
387 3978 544 4044 Cicerone
566 3979 795 4050 defremuerat,
820 3975 923 4058 legem
944 3978 982 4038 de
1001 3979 1119 4040 ambitu
1140 3979 1230 4040 tulit:
1256 3980 1286 4040 in
1311 4001 1371 4063 qua
1392 4001 1466 4064 gra·

154 4073 278 4138 rieeimis
297 4071 409 4156 poenis
429 4072 548 4135 crimen
570 4073 633 4135 hoc
651 4070 769 4134 sanxit.
815 4070 923 4151 Quare
941 4081 1067 4134 senatus
1089 4071 1271 4135 consulibus
1294 4075 1465 4148 mandauit,

155 4165 318 4230 utbnierei
327 4169 588 4229 moderarentur:
602 4165 655 4249 qui
668 4176 733 4227 trun
749 4163 850 4244 legem
864 4162 1016 4239 tulerunt,
1034 4178 1166 4227 auctore
1179 4162 1284 4227 Dion'e
1294 4167 1466 4243 XXXVI,

156 4259 212 4336 21.,
240 4273 427 4336 uteorum,
463 4258 519 4343 qui
541 4257 676 4321 ambitus
699 4255 839 4321 conuicti
862 4270 982 4334 essent,
1023 4256 1137 4320 nemini
1165 4269 1218 4319 aut
1251 4259 1468 4341 usuagistratum

157 4372 259 4436 gerere
281 4366 337 4417 aut
357 4355 387 4416 in
409 4363 521 4415 senatu
541 4354 612 4416 'esse
634 4351 762 4427 liceret,
787 4352 890 4413 addita
913 4352 1005 4413 etiam
1029 4349 1123 4411 multa
1147 4350 1341 4429 pecuniaria.
1376 4356 1469 4416 Haec

163 4476 265 4489 ⁸——
286 4474 778 4487 -mu-——anp--u-——a—-n
788 4473 819 4482 -n
828 4469 1467 4487 -4.—a-—-—--——-——-—-—-

186 4547 215 4607 1)
231 4542 293 4597 flos
313 4540 505 4593 anno-Cicero
531 4518 670 4610 trxre‘peo
698 4539 726 4592 Ρ.
748 4535 857 4607 Oppio,
890 4535 930 4586 Μ.
960 4530 1068 4585 Aurelio
1096 4533 1178 4582 Coun
1204 4550 1236 4583 ex
1265 4536 1328 4585 Asin
1356 4536 1470 4587 Romam

158 4633 269 4684 tatereo,
289 4634 304 4668 a
324 4633 379 4688 quo
399 4612 564 4687 proconsule
583 4614 615 4666 P.
634 4611 742 4685 Oppios
762 4626 905 4682 quaestor,
929 4609 1000 4677 quod
1023 4605 1234 4676 repetundarum
1254 4607 1472 4682 insidiarumque

158 4698 335 4767 suspicionem
360 4691 413 4744 eibi
434 4702 624 4754 contraxerat,
645 4691 673 4739 in
698 4687 795 4740 urbem
815 4700 856 4737 eet
875 4683 1018 4750 relegatus.
1059 4684 1145 4734 tluiur
1168 4688 1354 4755 patrocintum
1373 4686 1472 4738 Cicero

159 4773 285 4839 meeeplr,
305 4768 389 4821 Corte
404 4782 480 4820 reum
496 4766 657 4818 testimonio
668 4780 719 4816 eoo
731 4776 855 4833 urgente.
881 4756 1072 4810 crevissem
1088 4759 1140 4824 36,
1161 4763 1206 4817 25.
1219 4758 1299 4811 Tom.
1322 4760 1343 4810 l.
1358 4777 1383 4831 p.
1407 4760 1472 4819 221.

160 4842 240 4897 itare.
