3218 5310
702 280 941 348 HISTORIA.
1421 295 1480 355 tot

150 436 171 481 a
194 413 356 498 Pompeio
379 415 447 480 alae
467 415 558 480 alteri
579 419 778 502 praelectum
808 445 953 510 magnam
973 425 1097 492 laudem
1119 441 1151 493 et
1174 451 1190 494 a
1211 451 1334 494 summo
1358 432 1431 495 viro
1450 445 1482 495 et

150 512 194 575 ab
227 509 373 575 exercitu
406 524 610 575 consecutum
644 514 741 578 lauisse
777 518 964 601 equitando,
1005 521 1197 601 iaculando,
1239 526 1326 591 ouini
1355 525 1483 590 militari

150 605 266 671 labore
291 604 473 671 tolerando.
517 607 581 670 Sed
612 610 651 670 ad
682 611 898 691 propositum.
941 613 1042 678 Venit
1068 617 1121 681 M.
1155 619 1275 683 Brutus
1306 618 1337 683 io
1367 621 1482 684 Maee-

149 698 298 777 donism,
322 722 394 765 cum
421 700 463 779 Q.
486 700 664 767 Hortensio
691 704 855 767 decedenti
879 704 920 770 C.
944 708 1107 773 Antonius
1126 712 1233 776 Marci
1250 714 1351 777 frater
1372 734 1493 779 succe--

149 798 254 859 deret.
299 796 364 859 Sed
390 795 584 859 Hortensius
607 795 798 872 exercitum,
823 821 915 881 quem
943 802 1066 867 delectu
1088 804 1198 868 habito
1222 807 1477 890 conscripserat,

149 890 258 955 Bruto
279 888 422 953 tradidit.
466 889 574 973 Legio
598 888 709 966 etiam,
734 913 826 975 quam
850 894 893 957 L.
917 894 998 959 Piso
1023 896 1145 981 legatus
1167 900 1300 964 Antonii
1321 903 1477 991 ducebat,

148 982 308 1053 Ciceroni
331 983 456 1047 titisse
481 982 621 1048 tradidit.
666 983 855 1070 Equitatus,
879 986 933 1070 qui
962 988 991 1051 in
1019 987 1144 1071 Syriam
1171 995 1342 1057 ducebatur
1367 994 1476 1077 biper-

147 1079 231 1155 tito,
263 1078 346 1143 alter
371 1097 444 1140 enm
477 1086 700 1161 quaestorem,
736 1101 753 1141 a
783 1102 849 1165 quo
878 1083 1073 1159 ducebatur,
1104 1085 1232 1172 reliquit
1253 1088 1285 1149 in
1311 1087 1478 1151 Thessalia

148 1193 286 1261 seseque
316 1171 356 1234 ad
379 1172 512 1234 Beretum
539 1169 694 1236 contulit:
726 1171 858 1263 alterum
890 1173 921 1236 in
943 1175 1136 1241 Macedonia
1160 1177 1286 1245 Cnaeus
1315 1181 1477 1247 Domitius

147 1268 335 1338 adolescens
356 1286 374 1329 a
398 1265 506 1349 legato
530 1262 683 1345 Syriaco,
708 1264 761 1347 qui
787 1288 802 1327 e
826 1267 1001 1333 Plutarcho
1023 1268 1125 1334 Cinna
1151 1285 1305 1348 vocatur,
1329 1274 1475 1338 abduxit.
1570 1266 1582 1283 ⁸

148 1367 194 1433 P.
221 1359 389 1437 Vatinius,
425 1359 479 1444 qui
503 1358 737 1439 Dyrrhachium
761 1375 995 1443 occupaverat,
1028 1375 1139 1447 portas
1168 1369 1273 1434 Bruto
1299 1370 1423 1452 aperuit
1444 1379 1476 1432 et

145 1456 324 1525 exercitum
349 1454 489 1518 tradidit.
534 1452 577 1517 C.
597 1453 757 1517 Antonius
779 1476 812 1517 se
836 1456 1043 1538 Apolloniam
1067 1459 1208 1543 recepit;
1254 1461 1371 1528 Cicero
1396 1461 1475 1527 Phi·

124 1546 229 1639 ‘lipp.
251 1551 300 1615 X.
333 1570 406 1631 cap.
429 1550 461 1612 5.
485 1559 516 1609 et
539 1547 592 1625 iu,
630 1547 820 1610 Plutarchus
844 1547 873 1609 in
896 1550 1001 1614 Bruto
1023 1564 1055 1614 et
1076 1550 1142 1617 Dio
1164 1553 1219 1621 lib.
1240 1556 1397 1632 XLVII,
1423 1557 1477 1619 20.

145 1670 241 1734 seqq.
274 1644 397 1709 Iliade
420 1644 515 1706 rebus
539 1641 659 1704 Brutus
681 1641 800 1725 litteras
821 1641 950 1723 publice
973 1644 1075 1722 misit,
1099 1669 1178 1733 quas
1201 1647 1244 1713 C.
1269 1652 1373 1715 Pansa
1397 1671 1474 1714 eon·

144 1742 196 1807 sni
218 1751 333 1805 coacto
355 1747 466 1800 senatu
494 1734 641 1798 recitavit
669 1746 700 1795 et
731 1735 865 1799 Brutum
894 1737 1042 1801 oratione
1063 1761 1120 1804 sua
1143 1743 1284 1807 ornavit.
1336 1745 1401 1807 Sed
1430 1743 1473 1823 Q.

143 1836 261 1905 Fahsas
281 1844 415 1918 rogatus
437 1829 621 1893 sententiam
645 1829 779 1890 Brutum
810 1830 1020 1913 oppugnavit.
1076 1833 1198 1898 Contra
1231 1858 1323 1920 quern
1352 1837 1471 1902 Cieero

141 1942 212 1997 uam
234 1924 446 2011 Philippieam
469 1925 618 1988 decimam
642 1921 738 1996 dixit;
773 1944 866 2006 quam
895 1924 1015 1988 Brutus
1040 1926 1135 2009 epist.
1156 1933 1187 1993 d.
1212 1933 1250 1993 de
1271 1930 1383 1995 litteris
1406 1929 1471 1993 suis

142 2024 285 2091 habitam
307 2043 377 2085 csse
404 2033 515 2084 eontra
546 2017 699 2083 Calenum
729 2014 783 2080 ait.
833 2015 914 2084 Erat
941 2018 1137 2100 Apolloniae
1167 2025 1269 2088 adlme
1299 2022 1340 2087 C.
1364 2024 1470 2087 Anto-

142 2118 218 2185 nias
237 2138 311 2181 euin
332 2125 453 2196 septem
476 2112 683 2184 cohortibus3
715 2109 892 2192 Philippica
922 2113 969 2175 X.
992 2135 1064 2196 eap.
1090 2118 1121 2180 7.
1172 2118 1251 2183 Inde
1275 2119 1468 2181 Buthrotum

140 2214 343 2277 contendens
363 2208 396 2272 in
417 2209 529 2273 itinere
551 2206 686 2289 primum
708 2213 771 2266 tres
794 2205 945 2268 cohortes
967 2206 1088 2283 amisit,
1116 2232 1196 2297 quas
1218 2212 1338 2275 Brutm
1360 2210 1468 2275 conci-

142 2306 211 2371 dite
246 2303 360 2370 deinde
382 2302 508 2387 proelio
531 2322 603 2363 euna
628 2298 785 2364 Cicerone
807 2295 874 2361 lilio
904 2300 944 2361 ad
973 2300 1129 2379 Byllidem
1160 2305 1330 2370 commisso
1364 2304 1467 2369 victus

140 2400 175 2465 ias
199 2397 295 2465 Bruti
315 2408 506 2480 potestatem
530 2392 633 2467 venit;
669 2404 701 2455 ut
722 2391 915 2455 Plutarchus
935 2391 968 2455 in
990 2396 1094 2460 Bruto
1116 2398 1239 2463 scribit.
1290 2398 1466 2463 Antonium

142 2494 269 2561 Dentes
290 2511 396 2557 ueram
418 2490 472 2553 diu
492 2487 670 2553 honorilice
692 2486 804 2551 habuit
830 2507 930 2570 usque
952 2508 1013 2567 eo,
1051 2503 1084 2555 ut
1107 2493 1310 2579 magistratus
1332 2490 1467 2578 insignia

141 2586 276 2651 illinon
298 2584 471 2649 adimereta
506 2603 598 2668 quam
628 2579 695 2644 eius
718 2577 913 2643 clementiam
937 2581 1080 2649 Cicero¹
1110 2585 1139 2649 in
1168 2586 1310 2669 epistolis
1334 2590 1373 2651 ad
1393 2608 1464 2651 eum

140 2678 273 2765 scriptia
293 2698 390 2761 saepe
412 2687 551 2740 accussat.
597 2676 678 2751 Sed,
709 2695 778 2737 eum
807 2674 965 2739 Antonius
992 2678 1199 2764 Apolloniam
1222 2692 1362 2758 teneret,
1394 2692 1465 2745 ante

141 2774 281 2841 Kalend.
306 2770 436 2854 Apriles
459 2771 594 2835 Romam
617 2769 743 2832 allatum
764 2766 824 2830 ruia
846 2770 883 2831 de
906 2781 1009 2835 morte
1031 2771 1074 2837 C.
1098 2775 1271 2849 Trebonii,
1307 2795 1399 2858 quem
1422 2776 1464 2839 P.

137 2867 315 2935 Dolabella
331 2866 497 2947 Smyrnae,
528 2863 714 2929 verberibus
736 2884 772 2924 ac
794 2864 971 2941 tormentis,
995 2868 1180 2950 quaestione
1201 2869 1347 2954 publicae
1369 2890 1466 2951 pecu.

139 2964 212 3027 aiae
233 2983 293 3047 per
315 2960 443 3023 biduum
464 2957 589 3033 habita,
627 2956 802 3029 interfecit;
836 2954 952 3020 Cicero
982 2960 1124 3046 Philipp.
1148 2961 1310 3025 undecima
1334 2982 1407 3044 cap.
1432 2961 1464 3023 2.

140 3067 174 3121 et
193 3054 262 3122 Dio
284 3054 445 3129 XLVII,
479 3053 533 3117 29.
577 3050 690 3136 ltaque
719 3050 888 3116 Dolabella
912 3076 930 3116 a
952 3065 1062 3119 senatu
1093 3056 1193 3120 bostis
1213 3055 1367 3121 iudicatus
1390 3053 1463 3124 brit.

141 3149 307 3217 Postridie
329 3169 400 3211 cum
423 3146 453 3210 in
475 3159 585 3211 senatu
608 3140 758 3229 egeritur
779 3149 817 3210 de
846 3145 1042 3232 imperatore
1074 3149 1260 3234 deligendo,
1295 3148 1349 3235 qui
1376 3147 1464 3211 bello

137 3242 346 3310 Dolabellam
367 3252 632 3328 persequeretur,
666 3240 710 3303 L.
742 3237 862 3305 Caesar
892 3243 1014 3307 censuit
1040 3243 1080 3307 P.
1102 3242 1240 3309 Servilio
1263 3245 1326 3306 hoe
1347 3242 1464 3306 bellum

139 3350 233 3403 extra
264 3336 407 3403 ordinem
438 3337 643 3401 mandandum
673 3353 761 3408 esse;
795 3333 865 3399 aliis
893 3335 1053 3401 nonnullis
1084 3336 1219 3419 placuit,
1254 3349 1288 3401 ut
1317 3336 1463 3401 consules

137 3430 333 3501 Dolabellae
362 3430 572 3514 persequendi
601 3448 695 3492 carisa
726 3427 836 3491 Asiam
872 3442 903 3492 et
931 3429 1054 3510 Syriam
1083 3428 1289 3495 sortirentur.
1344 3429 1463 3495 Cicero

137 3523 328 3593 notantiam
350 3535 484 3609 rogatus
505 3520 715 3607 Philippicam
738 3521 931 3587 undecimam
955 3523 1044 3588 dixit.
1084 3526 1121 3589 In
1144 3547 1204 3610 qua
1227 3525 1362 3609 primmu
1381 3526 1463 3587 Tre·

137 3617 228 3689 leonii
264 3638 370 3680 casum
407 3617 579 3698 deplorans
611 3615 798 3680 Dolabellae
836 3629 868 3681 et
902 3618 1035 3682 Antonii
1072 3619 1288 3684 crudelitatem
1318 3626 1462 3681 accusat:

137 3712 252 3779 deinde
275 3712 397 3775 duabus
419 3710 480 3774 illis
501 3709 664 3775 sententiis
686 3707 833 3773 refutatis
863 3724 988 3787 censet,
1029 3724 1063 3774 ut
1091 3702 1291 3779 Dolabellam
1316 3713 1357 3778 C.
1382 3712 1462 3777 Cas-

136 3806 203 3875 aina
224 3804 316 3870 bello
337 3815 562 3888 persequatur.
617 3804 718 3885 Quam
748 3806 930 3869 sententiam
959 3827 993 3870 se
1020 3819 1219 3892 repugnante
1247 3819 1278 3871 et
1307 3807 1462 3870 irascente

135 3900 244 3967 Pansa
274 3895 391 3962 dixisse
423 3900 464 3962 ad
491 3899 625 3960 Brutum
653 3898 764 3961 scribit
793 3899 887 3983 epist.
912 3903 944 3965 5.
996 3901 1045 3964 Ea
1066 3902 1220 3965 sententia
1244 3902 1344 3975 dieta,
1381 3922 1462 3985 quae

134 3994 231 4061 Iaeile
261 3990 427 4068 valuisset,
462 3991 522 4055 nisi
551 3993 654 4057 Pansa
684 3993 885 4057 veliementer
914 3995 1106 4071 obstitisset,
1141 3997 1318 4078 productus
1347 3995 1408 4057 luit
1428 3993 1459 4057 iu

136 4087 327 4157 concionem
358 4109 376 4149 a
399 4086 527 4151 tribuno
556 4087 645 4169 pleb.
673 4086 725 4151 M.
748 4087 906 4164 Seruilio,
943 4093 1135 4175 eandemque
1157 4110 1223 4152 rem
1247 4091 1285 4150 ad
1307 4089 1460 4171 populum

135 4202 258 4247 naama
281 4179 485 4245 contentione
508 4178 593 4264 egit3
617 4178 710 4262 epist.
736 4185 763 4245 7.
786 4181 842 4245 lib.
866 4183 952 4247 XII.
976 4186 1014 4247 ad
1039 4183 1151 4246 Famil.
1197 4182 1353 4247 Extremo
1377 4204 1460 4247 anno

135 4274 308 4361 asperiore
330 4273 466 4338 turbinis
488 4273 521 4338 vi
541 4273 760 4351 simulacrum,
785 4279 871 4360 quod
892 4278 946 4342 Μ.
970 4277 1087 4343 Cicero
1109 4289 1181 4341 aute
1202 4276 1312 4339 cellam
1337 4278 1461 4341 Miner-

136 4390 195 4435 rae
216 4366 339 4453 pridie,
363 4389 460 4452 quiam
481 4366 512 4430 in
535 4366 681 4431 exsilium
704 4368 780 4443 iret,
812 4384 980 4452 posuerat,
1004 4369 1186 4453 dissipatmu
1209 4371 1358 4434 membris
1381 4395 1458 4455 pro·

135 4482 208 4529 san
234 4461 334 4527 iacuit
357 4461 467 4525 fractis
497 4461 652 4537 hatrneris,
675 4462 833 4537 brachiis,
857 4463 978 4547 capite,
1004 4474 1138 4526 mortem
1158 4463 1308 4528 Ciceroni
1328 4479 1460 4548 porten-

135 4558 232 4633 ἕως
256 4569 292 4622 ut
315 4554 505 4641 Obsequens
526 4577 599 4641 cap.
624 4555 698 4621 128.
722 4568 754 4619 et
775 4557 840 4623 Dio
863 4558 919 4620 lib.
942 4559 1054 4634 XLV,
1081 4562 1134 4623 17.
1158 4560 1312 4625 scribunt.
1358 4563 1458 4644 Quin·

134 4651 320 4739 qaateilsua,
343 4648 379 4715 id
398 4662 448 4714 est
466 4650 568 4717 xlv.
592 4649 667 4716 Kal.
689 4651 793 4734 Ape„
817 4663 943 4714 senatus
965 4650 1124 4728 decrevit,
1150 4664 1183 4717 ut
1199 4656 1275 4717 haee
1290 4654 1459 4722 Ciceronis

171 4830 203 4895 I)
222 4824 255 4881 Id
275 4841 335 4895 est,
356 4824 564 4882 Pseadceicera.
