3218 5310
140 264 182 328 90
543 258 592 325 Μ.
616 257 778 324 TULLII
800 258 1050 326 CICERONIS

136 405 170 467 vi
205 401 371 488 Ligarium
408 400 537 465 erimine
572 400 730 465 liberavit.
774 402 909 466 Itanos
938 402 1042 466 loeum
1076 402 1241 468 Plutarelti
1271 425 1304 468 e.
1334 405 1391 471 39.
1419 406 1454 471 de

136 500 196 560 hae
225 518 317 559 cattsa
348 518 363 559 a
391 496 485 560 nobis
513 516 700 560 conversum
731 495 762 559 iu
791 496 853 560 line
883 495 1110 561 Couttneutarii
1140 496 1307 582 Ligariani
1336 502 1377 563 ad
1405 522 1454 564 or-

138 590 243 657 natiss.
273 590 374 652 rit-tun
398 592 597 653 Get-harduin
621 588 828 653 Iuliaceusent
856 589 915 652 iana
947 591 1060 652 dudunt
1084 589 1247 654 edidimus.
1293 590 1454 659 Confecto

137 683 224 747 bello
258 683 412 747 Alrieano
445 685 489 746 T.
519 681 667 763 Quintius
697 684 834 766 Scapula
862 706 979 748 norum
1010 684 1040 748 in
1069 684 1224 768 Hispania
1260 686 1453 765 commorit,

137 777 226 839 euius
250 776 386 839 meminit
409 774 527 841 Cicero
551 799 602 859 ep.
621 778 673 841 13.
696 778 754 841 lib.
771 780 834 843 IX.
859 780 900 840 ad
921 777 1034 841 Famil.
1072 780 1124 841 'l'u
1146 778 1216 863 lege
1238 778 1379 843 Diouem
1401 782 1455 846 lib.

137 872 269 936 thtt.
292 870 365 945 29..
389 869 441 934 ubi
465 870 527 935 Cn.
552 871 739 953 Potnpeituu
762 873 875 955 Magni
899 871 996 934 lilitun
1014 871 1187 953 Hispaniae
1208 882 1316 954 partes
1337 872 1456 957 pleras-

138 985 199 1048 que
221 964 251 1027 in
275 984 360 1026 suant
384 964 538 1029 dicionem
561 966 724 1050 redegisse
739 967 847 1029 tradit.
887 965 1007 1030 Caesar
1025 965 1123 1051 igitur
1137 976 1283 1030 extremo
1298 968 1364 1031 ltoe
1378 988 1455 1033 anno

138 1061 178 1122 ad
198 1058 314 1121 bellum
337 1058 549 1141 Hispaniense
578 1062 745 1143 proiectus
767 1061 919 1125 XXVII.
943 1059 1052 1123 dicbus
1079 1060 1111 1122 in
1134 1059 1322 1143 Hispaniam
1344 1082 1455 1143 perre-

137 1150 202 1227 nit,
226 1162 259 1214 ut
281 1153 447 1235 Appianus
470 1153 553 1216 libro
577 1156 625 1219 II.
648 1154 771 1219 scribit.
815 1155 890 1218 Hoc
912 1176 995 1218 anno
1016 1154 1067 1221 M.
1090 1154 1215 1218 'l'tdlius
1241 1175 1313 1218 eatan
1337 1158 1453 1221 Terea·

135 1244 179 1308 tia
202 1264 305 1309 ttxorc
328 1246 499 1310 divortium
520 1248 636 1312 lecit¹a
661 1271 741 1333 qttae
756 1248 856 1313 Vibio
873 1250 961 1314 Rulo
984 1248 1095 1313 deinde
1114 1260 1209 1332 nupta
1226 1246 1304 1325 luit,
1330 1258 1455 1313 ataeiore

136 1339 243 1403 Dione
264 1340 322 1402 lib.
339 1340 456 1403 LVII.
480 1353 574 1423 atque
596 1343 720 1404 tertium
743 1355 775 1405 et
798 1343 998 1406 centesimum
1021 1342 1164 1427 explerit
1179 1364 1310 1419 annum,
1332 1340 1454 1407 utaeri·

136 1432 185 1496 bit
206 1432 282 1498 vat.
303 1434 399 1497 Max.
423 1434 480 1497 lib.
504 1436 607 1499 VIII.
631 1456 701 1518 cap.
726 1437 778 1499 13.

412 1672 515 1734 Arane
535 1670 636 1734 Urbis
657 1674 849 1737 DCCVIII·
877 1669 1051 1737 Ciceronis
1072 1672 1185 1735 LXII·

521 1786 563 1859 C.
592 1786 760 1862 IULIUS
789 1785 983 1863 caestu
1010 1785 1078 1858 III.

665 1913 931 2006 dicturusne,

522 2070 572 2143 Μ.
600 2066 829 2145 AIIIIL'IUS
858 2065 1073 2143 LEPIDUS

695 2219 789 2281 mag.
813 2196 916 2281 equit.

680 2348 810 2412 Eodem
835 2369 927 2412 antro

526 2462 568 2536 C.
596 2462 766 2539 IULIUS
793 2460 989 2540 CAESAR
1015 2464 1080 2539 IV.

592 2614 663 2657 eos.
686 2592 759 2656 sine
780 2595 911 2676 collega
919 2590 1018 2683 suit.

226 2740 318 2805 Haec
338 2761 378 2803 ex
403 2738 591 2825 Capitolinis
613 2741 769 2823 lapidibus
792 2752 878 2805 reete
901 2763 918 2805 a
941 2741 1019 2806 viris
1041 2742 1142 2806 doctis
1164 2745 1366 2825 probantur:
1389 2741 1455 2806 aide

142 2834 259 2899 Fastos
288 2832 412 2919 Sigonii
439 2847 471 2897 et
502 2836 672 2918 Onupiuii.
717 2834 835 2900 Cicero
859 2836 1007 2899 Terentia
1036 2834 1161 2898 dimissa
1191 2836 1352 2922 virginem
1381 2856 1457 2901 taxo·

142 2950 209 2992 retu
238 2929 347 2992 duxit:
381 2939 415 2991 nt
444 2928 568 3015 qttidetu
600 2929 749 2993 'l'erentia
779 2929 956 3006 dictitabat,
988 2932 1110 2995 latinae
1138 2931 1261 3017 gratian
1295 2943 1331 2995 ut
1360 2944 1456 2997 ιιιῑιιιι

144 3022 225 3087 'l'iro
249 3021 414 3087 Ciceronis
437 3022 571 3086 libertus
592 3022 734 3104 scripsit,
760 3024 877 3088 divitiis
899 3026 964 3089 eius
987 3028 1161 3100 adductus,
1196 3036 1231 3087 ut
1252 3046 1306 3088 aes
1329 3024 1458 3089 alienun

143 3116 345 3179 dissolveret.
383 3118 462 3181 Erat
485 3117 565 3179 eninr
589 3118 691 3198 puella
714 3118 802 3181 dives
825 3129 855 3181 et
878 3121 961 3181 bona
984 3118 1050 3181 eius
1067 3118 1184 3183 Cicero
1207 3117 1459 3183 fideieouunissa·

143 3209 209 3273 rius
237 3211 330 3273 heres
357 3212 486 3274 relictus
517 3211 728 3274 custodiebat.
780 3214 887 3293 Quare
914 3234 983 3275 etun
1015 3232 1219 3295 permaguum
1247 3232 1302 3274 aes
1329 3210 1459 3276 alienun

142 3304 291 3379 baberet,
315 3304 487 3367 amicorum
511 3316 542 3369 rt
559 3304 757 3369 familiarium
773 3304 907 3388 impulsu
927 3306 1060 3388 puellam
1081 3327 1215 3368 taxarem
1233 3316 1364 3389 praeter
1383 3316 1462 3369 aett-

141 3408 205 3460 tetu
233 3396 339 3472 duxit,
371 3408 406 3460 ut
434 3398 519 3461 illins
549 3397 750 3461 facultatibus
777 3396 988 3461 creditoribus
1014 3397 1223 3462 satisfaceret.
1268 3400 1365 3461 Idaea
1388 3398 1461 3463 I’ltt·

143 3491 270 3554 tarehus
286 3513 315 3554 e.
333 3492 406 3566 dl„
429 3504 462 3555 ut
478 3492 601 3577 quidem
619 3512 676 3555 uos
692 3490 925 3566 convertimus,
951 3490 1019 3553 aliis
1033 3490 1258 3572 interpretibus
1278 3491 1358 3553 nibil
1373 3488 1462 3575 prae·

142 3584 331 3661 iudicantes,
362 3606 380 3649 e
403 3586 515 3672 quibus
536 3588 634 3649 rerba
656 3584 708 3648 illa
732 3584 914 3660 Plutarchi,
945 3588 1000 3648 atrei
1024 3581 1082 3662 ript
1102 3580 1217 3648 οὐσίαν
1239 3578 1344 3665 αὐτῆς
1364 3578 1461 3650 Ktae'·

143 3704 209 3767 pter
229 3680 262 3746 ἓν
282 3680 387 3746 πίστει
410 3672 612 3769 κληρονόμος
634 3674 853 3767 ‹inolettfileig
869 3672 1098 3766 dtepdlcttrer,
1121 3697 1201 3762 qttae
1217 3697 1276 3740 nos
1293 3676 1457 3752 vertitatis,

142 3776 190 3840 Et
216 3774 307 3839 bona
333 3772 407 3837 eiras
435 3776 554 3839 Cicero
574 3770 926 3851 suleieommissarias
955 3774 1052 3834 lieres
1078 3770 1216 3834 relictus
1237 3770 1459 3845 crestotlielaol,

144 3868 304 3931 Boeeltius
319 3866 364 3930 sie
379 3866 553 3948 expressit,
577 3870 623 3930 tte
644 3866 719 3930 eius
735 3865 945 3929 substantias
967 3866 1030 3928 sula
1049 3866 1176 3928 tutoris
1186 3864 1269 3941 fide
1286 3864 1460 3945 serrabat3

144 3962 310 4042 Xylauder
338 3971 465 4035 noster,
494 3960 645 4044 Eittsqae
671 3960 760 4022 oona
779 3958 874 4037 sttlei
901 3982 985 4023 snae
1012 3960 1194 4023 commissa
1215 3957 1336 4024 Cicero
1364 3960 1461 4023 berea

143 4054 187 4118 ab
207 4076 249 4117 eo
268 4055 419 4139 scriptus
439 4054 614 4125 seruabat:
640 4050 824 4130 Corradus,
859 4054 906 4120 tu
931 4054 1005 4117 eins
1019 4050 1218 4144 facultates
1240 4052 1362 4118 Cicero
1381 4060 1463 4117 ands

183 4216 212 4275 1)
232 4210 410 4266 simultatum
425 4214 499 4264 inter
514 4208 678 4261 Ciceronem
698 4223 725 4261 et
738 4207 897 4261 Terentiana
919 4222 1042 4280 ternpore
1064 4211 1123 4277 ipso
1142 4206 1286 4259 Ciceronis
1307 4205 1384 4259 exilii
1403 4220 1466 4257 cao·

145 4301 189 4337 aaa
214 4284 318 4355 ailquae
342 4290 478 4341 exstitisse
505 4281 680 4340 crediderim.
719 4282 790 4336 Nam
808 4282 946 4355 singulare
966 4298 1022 4346 eet,
1049 4279 1141 4353 quad,
1167 4297 1232 4333 cuna
1258 4297 1322 4355 post
1346 4278 1464 4335 reditum

146 4358 198 4433 (ad
225 4365 310 4413 attic.
332 4362 377 4413 lv.
401 4366 442 4429 ι.)
468 4374 668 4413 eomrnernorat
694 4361 810 4424 Cicero,
839 4362 886 4429 qul
912 4373 1043 4410 occursus
1065 4352 1209 4412 Brundisii
1230 4354 1370 4410 Tulliolae
1392 4368 1466 4417 snae,

145 4448 214 4505 quae
231 4434 333 4487 Romae
352 4436 549 4505 gratulationes
571 4434 746 4507 laetitiaeque
765 4438 891 4485 oninium
911 4430 1029 4496 luerint,
1055 4430 1161 4485 nullutn
1184 4445 1278 4485 tannen
1301 4428 1417 4485 verbani
1431 4426 1466 4481 de

146 4510 277 4563 'ferenda
295 4514 413 4583 coniuge
433 4516 486 4575 ait,
513 4525 608 4577 postea
627 4514 728 4575 etiarn,
755 4526 817 4562 eom
837 4510 996 4561 demiserit
1017 4512 1073 4560 auis
1092 4524 1119 4558 et
1141 4522 1225 4580 prope
1246 4504 1362 4579 perditis
1385 4504 1465 4560 reb·

145 4599 303 4650 narrasset,
325 4594 436 4649 cetera,
455 4590 545 4659 inquit
566 4584 658 4652 (lbid.
676 4604 719 4658 ep.
738 4582 786 4656 2.)
805 4600 874 4656 quaa
893 4601 936 4635 rrae
953 4585 1127 4645 sollicitant,
1150 4582 1366 4659 pavorum'tepra
1390 4588 1466 4633 sunl·

145 4663 284 4713 Amatam·
301 4656 429 4731 asratre
446 4670 474 4713 et
492 4682 510 4714 a
524 4660 604 4735 filia.
635 4660 770 4715 Tusstall.
792 4660 844 4733 ttp.
864 4678 892 4732 p.
915 4666 977 4718 ¹80.
1010 4660 1178 4729 llierouytnu
1190 4674 1202 4709 s
1215 4655 1275 4710 adv.
1289 4656 1465 4711 Iovinianus

146 4736 171 4792 l.
189 4734 224 4791 Τ.
244 4736 292 4788 tv.
311 4734 378 4787 Para
397 4734 434 4787 tt.
472 4736 544 4813 Opp.
562 4736 614 4793 itt.
633 4736 788 4812 Martensy.
807 4753 856 4810 per
875 4751 1014 4805 errorent,
1038 4750 1067 4791 ot
1088 4728 1214 4800 ridetur,
1237 4732 1399 4791 Terentiana
1418 4734 1467 4789 da·

145 4812 232 4872 lertio
250 4812 377 4889 nuptiate
397 4808 491 4870 tradit.
