3218 5310
137 225 178 287 77
559 206 610 289 nr.
632 223 793 290 777777
815 220 1069 289 7777770777

136 384 190 427 res
209 376 312 428 autem
332 363 392 428 nisi
408 364 524 428 habitis
543 365 629 448 prius
648 364 781 427 comitiis
802 362 962 439 aedilitiis,
990 361 1103 445 quibus
1121 361 1182 425 bae
1200 363 1239 424 de
1257 380 1354 426 777777
1371 382 1460 429 more

135 457 336 538 potissimum
358 459 568 535 afferebatur,
599 459 700 521 creari
720 480 784 521 non
803 469 964 539 poterant.
1009 459 1045 521 ln
1066 459 1147 519 bane
1167 456 1352 519 sententiam
1372 456 1458 521 Dio:

139 551 259 615 Cicero
288 573 367 615 vero
392 553 423 615 in
447 552 587 616 Sestiana
612 573 684 633 cap.
708 553 761 613 01.
785 551 847 624 777,
870 551 1051 626 consulem,
1075 561 1273 632 praetorem,
1296 549 1460 615 tribuno!

135 647 224 729 pleb.
248 669 332 710 nova
354 645 430 709 7077
448 643 574 730 generis
594 646 696 708 edicta
717 643 944 726 proposuisse,
979 665 1018 707 ne
1046 666 1119 707 reus
1148 647 1292 720 adesset,
1322 664 1365 707 ne
1384 644 1461 709 7777·

137 753 247 817 retur,
278 761 317 804 ne
340 751 565 825 quaereretur,
595 760 634 802 ne
654 739 842 803 mentionem
867 739 994 801 omnino
1018 737 1164 823 cuiquam
1180 737 1320 803 iudicum
1338 749 1394 801 707
1412 736 1459 801 70·

139 837 291 902 diciorum
307 836 415 900 facere
435 836 559 900 liceret.
591 836 664 916 Quo
684 833 824 916 pertinet
840 834 915 896 illud
934 835 971 895 de
985 835 1116 914 barusp.
1132 853 1280 914 respons
1294 852 1369 915 cap.
1385 830 1460 895 94..
1448 852 1458 869 ·

137 931 287 994 1177777777
289 942 350 992 nne
377 931 499 1005 etiam,
531 951 573 992 ue
602 948 742 991 corneam
772 927 866 988 decer
866 939 911 988 77
964 926 1090 1006 Quare,
1120 948 1192 988 cum
1220 925 1308 989 Milo
1337 924 1460 989 videret

136 1024 249 1087 iudicia
271 1045 340 1088 esse
358 1026 494 1100 sublata,
517 1021 709 1115 0701017777
729 1019 881 1084 oruuiavi
900 1033 1010 1126 posset
1030 1019 1171 1089 efficere,
1196 1017 1337 1091 curarit,
1360 1016 1459 1101 inquit

138 1118 218 1181 idem
240 1130 314 1201 post
335 1117 460 1181 redit.'
452 1140 483 1179 77
506 1128 615 1180 senatu
638 1137 736 1197 cap.
727 1117 760 1177 8.
805 1114 892 1178 Eunt
909 1136 988 1175 erum
1008 1113 1217 1198 gladiatores,
1241 1124 1277 1176 ut
1297 1108 1459 1176 Dioscri·

138 1213 202 1288 bit,
227 1215 264 1275 de
283 1211 398 1296 quibus
419 1208 537 1274 Cicero
558 1210 614 1273 lib.
635 1210 683 1272 ll.
705 1229 775 1290 cap.
798 1213 849 1269 17.
875 1209 912 1269 de
930 1208 1069 1272 Officiis.
1094 1206 1161 1271 Sed
1180 1205 1307 1270 leonori
1325 1226 1459 1271 summo

139 1330 248 1391 nuper
258 1317 378 1369 nostro
385 1301 610 1397 Miloanmt
620 1303 712 1388 qnod
720 1303 971 1386 gladiatoribus
983 1301 1105 1383 emptis
1116 1323 1166 1365 ret
1159 1300 1457 1385 patrimorum,

138 1421 226 1486 quac
247 1402 357 1463 salute
378 1408 500 1460 nostro
519 1396 774 1470 continebatur,
799 1417 916 1459 omnes
938 1399 977 1461 P.
1001 1396 1113 1461 Clodii
1133 1406 1277 1459 conatus
1287 1391 1459 1499 sartores·

138 1517 203 1579 qne
229 1491 443 1575 compressit.
488 1492 621 1553 Senatus
644 1500 748 1554 auteur
775 1491 875 1554 multo
901 1502 992 1562 ante,
1027 1511 1119 1595 quam
1149 1488 1201 1551 lex
1231 1489 1270 1549 de
1293 1484 1461 1552 Ciceronis

137 1586 243 1650 reditu
261 1585 321 1649 1777
340 1586 421 1660 lata,
446 1584 564 1669 gratias
583 1587 720 1669 agendas
741 1598 860 1647 77777777
878 1584 1094 1648 civitatibus
1074 1605 1131 1659 us
1151 1604 1263 1665 quaes
1252 1583 1305 1645 M.
1323 1581 1459 1645 Τ77117007

140 1681 241 1745 777777
266 1679 439 1762 optimede
460 1677 638 1760 republica
659 1680 801 1742 meritum
822 1679 1030 1759 recepissent;
1053 1698 1114 1758 pro
1133 1679 1231 1741 domo
1254 1696 1326 1757 cap.
1343 1674 1411 1750 39.,
1430 1672 1460 1737 70

138 1773 290 1841 Pisonem
302 1793 384 1879 cap.
407 1772 477 1846 15.,
500 1773 618 1834 Parad.
637 1772 701 1834 IV.
725 1784 757 1834 et
771 1772 1007 1836 Plutarelruse
1025 1771 1076 1836 33.
1121 1771 1208 1858 ldem
1230 1768 1396 1843 (17777777,
1416 1778 1460 1844 07,

140 1867 196 1952 qui
213 1865 398 1949 provincias
416 1887 486 1929 eum
505 1863 641 1946 imperio
663 1864 860 1940 obtinerent,
884 1865 938 1948 qui
956 1876 1141 1948 quaestores
1161 1862 1325 1948 legatique
1342 1870 1459 1943 7777777,

139 1963 270 2024 salutem
301 1973 332 2025 77
360 1961 454 2023 vitam
487 1957 654 2024 Ciceronis
684 1960 901 2032 custodirent,
931 1981 993 2064 pro
1025 1958 1132 2021 Sestio
1166 1938 1459 2038 consutilem

140 2057 180 2118 ad
205 2056 259 2119 M.
285 2053 384 2116 Tullii
411 2053 542 2116 salutern
570 2051 718 2115 ausuliunr
750 2053 890 2115 omnium
916 2052 1030 2115 civium
1057 2061 1168 2114 cuncta
1198 2072 1239 2112 ex
1265 2040 1381 2125 177177,
1409 2044 1461 2135 qni

88 2226 91 2231 ¹
139 2170 206 2210 rem
235 2147 394 2229 publicam
424 2146 542 2208 salvam
571 2167 641 2208 esse
670 2146 806 2221 vellent,
838 2145 1039 2227 imploravit;
1069 2146 1100 2207 in
1128 2145 1278 2223 Pisonem
1306 2162 1382 2227 cap.
1410 2140 1460 2203 11.

139 2242 272 2304 Factum
295 2239 375 2302 enim
395 2241 430 2301 S.
448 2237 490 2302 C.
508 2236 586 2312 suit,
610 2248 645 2299 ut
667 2238 777 2301 litteris
798 2239 1015 2301 consularibus
1035 2250 1145 2302 cuneta
1168 2259 1209 2300 ex
1228 2237 1320 2301 177177
1338 2255 1459 2311 007077,

140 2332 283 2417 quirem
306 2331 464 2413 publicam
487 2331 607 2392 salsam
630 2331 764 2404 vellent,
790 2344 1064 2406 convocarentur;
1087 2353 1148 2415 pro
1171 2331 1278 2395 Sestio
1304 2328 1460 2413 77010,

139 2436 216 2508 post
232 2424 326 2488 redit.
343 2424 374 2487 in
394 2438 502 2488 senatu
519 2446 591 2506 cap.
611 2426 642 2488 9.
661 2440 692 2488 et
710 2446 772 2509 pro
791 2429 885 2489 domo
906 2447 977 2509 cap.
993 2428 1046 2490 97.
1076 2426 1157 2491 07770
1174 2424 1275 2510 igitur
1294 2420 1459 2490 Ciceronis

141 2517 253 2600 capitis
275 2519 423 2581 servandi
444 2540 539 2582 causa
558 2519 694 2582 Romam
717 2541 781 2582 uno
801 2530 945 2602 tempore
964 2521 1054 2604 quasi
1071 2520 1165 2604 signo
1187 2522 1262 2582 dato
1283 2516 1378 2582 177177
1395 2526 1461 2593 7077

141 2610 359 2691 70077777777,
391 2612 547 2675 Lentulus
577 2612 690 2674 consul
719 2624 860 2675 senatum
887 2612 1174 2698 frequentissimum
1207 2610 1240 2673 70
1267 2609 1460 2695 capientiu-

141 2706 352 2779 eonvocavit3
386 2704 417 2768 in
443 2704 594 2769 Pisonem
620 2726 691 2786 cap.
712 2707 763 2769 15.
792 2717 922 2787 etpost
946 2707 1040 2771 redit.
1072 2707 1103 2769 in
1132 2718 1242 2770 senatu
1265 2708 1372 2771 7.10.
1412 2700 1462 2770 lbi

141 2812 205 2865 tum
229 2800 260 2863 77
285 2802 406 2882 templo
428 2797 518 2864 10777
537 2800 617 2882 Opt
638 2799 730 2862 Max.
750 2800 793 2880 Q.
815 2800 967 2864 Metellus
986 2802 1098 2882 Nepos
1123 2820 1208 2875 cos.,
1231 2821 1293 2882 qur
1312 2794 1462 2865 07777007

141 2894 195 2957 771
213 2893 349 2957 maxime
372 2914 414 2955 ex
436 2892 558 2977 magnis
577 2892 831 2956 contentionibus
851 2916 898 2957 777
889 2893 1062 2977 publicae
1080 2892 1212 2956 1777777
1203 2891 1370 2969 777707707,
1391 2910 1462 2975 per·

140 2997 247 3050 motus
264 3008 333 3048 eum
354 2988 543 3051 auctoritate
562 2998 706 3061 senatus,
736 2998 799 3049 tum
825 2989 864 3053 P.
882 2987 1010 3051 Servilii
1034 2976 1209 3050 incredibili
1233 2985 1396 3071 gravitate
1417 2980 1461 3047 di·

141 3079 250 3156 cendi,
281 3081 393 3143 absens
423 3102 493 3142 cum
522 3081 575 3143 M.
602 3079 711 3142 ’1771170
736 3080 886 3143 7771777777
914 3083 1066 3188 gratiaru3
1101 3093 1175 3163 post
1200 3078 1305 3144 red.
1296 3102 1329 3143 70
1354 3088 1462 3145 senato

142 3196 215 3256 cap.
231 3176 302 3249 10.,
327 3195 390 3254 pro
404 3173 509 3239 Sestio
533 3194 604 3256 cap.
621 3173 675 3235 33.
700 3172 805 3235 7719.
830 3176 921 3237 77717
944 3175 1118 3257 provinciis
1136 3196 1206 3240 eos.
1229 3194 1303 3255 cap.
1323 3174 1359 3239 0.
1402 3170 1462 3237 1177

142 3289 213 3331 cum
239 3265 430 3330 mitissimam
457 3265 633 3331 orationem
660 3266 690 3327 iu
717 3277 828 3328 senatu
850 3267 1029 3342 habuisset,
1066 3268 1184 3333 Cicero
1212 3268 1251 3329 ad
1279 3288 1353 3331 eum
1383 3262 1462 3331 7777777

143 3383 196 3445 ep.
209 3361 241 3447 0.
264 3361 321 3425 1717.
334 3363 381 3425 V.
405 3363 443 3424 771
458 3361 592 3436 Fantt„
617 3360 647 3423 in
667 3382 727 3443 qua
748 3361 882 3423 studium
900 3373 931 3423 et
947 3360 1099 3423 aemilium
1121 3361 1186 3424 77777
1205 3358 1372 3441 implum.
1384 3356 1462 3425 ’1110

142 3477 225 3520 7770
245 3453 313 3529 die,
342 3476 412 3517 cum
439 3453 609 3519 CCCCX.
636 3466 799 3519 senatores
823 3455 1090 3537 magistratusque
1113 3474 1222 3518 omnes
1244 3454 1278 3517 70
1300 3448 1462 3539 0777770170

143 3554 308 3623 adessent,
339 3546 401 3612 Cn.
421 3548 594 3629 Pompeius
614 3550 652 3609 de
671 3546 794 3630 scripto
816 3547 970 3611 sententia
988 3548 1070 3610 dieta
1092 3549 1145 3610 uni
1170 3546 1322 3613 Ciceroni
1346 3545 1465 3631 pentae

144 3652 352 3707 conservatae
368 3640 581 3706 testimonium
601 3643 703 3705 dedit:
727 3641 814 3703 euius
834 3642 1015 3704 sententiam
1033 3641 1307 3727 frequentissimus
1325 3652 1463 3717 7707707,

142 3758 209 3801 070
228 3736 270 3799 P.
290 3733 410 3800 Clodio
433 3734 650 3811 dissentiente,
680 3745 807 3799 secutus
836 3737 887 3799 M.
908 3736 1045 3799 Tullium
1073 3739 1112 3798 ab
1142 3734 1256 3799 exsilio
1279 3734 1464 3810 revocavilt

144 3839 221 3910 post
239 3827 334 3891 redit.
352 3827 382 3891 in
402 3838 513 3891 senatu
532 3849 603 3910 cap.
619 3832 682 3904 10..
700 3850 763 3911 pro
781 3829 885 3893 Sestio
902 3851 974 3912 cap.
988 3832 1041 3892 11.
1062 3842 1093 3893 77
1110 3851 1174 3912 pro
1185 3829 1313 3895 Milone
1326 3849 1401 3913 cap.
1414 3828 1464 3893 11.

144 3922 197 3987 De
213 3922 276 3987 boe
293 3923 329 3987 S.
348 3922 390 3987 C.
409 3922 440 3985 iu
460 3925 538 3986 aede
556 3923 645 3986 Iovis
658 3924 803 3986 'Mariana
820 3924 905 3988 facto
926 3922 1043 3988 Cicero
1063 3925 1118 3986 lib.
1139 3924 1168 3987 l.
1188 3944 1262 4005 cap.
1281 3924 1335 3989 98.
1352 3926 1393 3988 717
1410 3920 1466 3989 117-

148 4016 246 4085 77777.
268 4030 299 4081 77
320 4016 471 4081 Valerius
496 4016 553 4080 lib.
573 4019 601 4081 l.
627 4039 698 4099 cap.
718 4021 749 4080 7.
795 4017 945 4081 Faciebat
970 4020 1079 4082 eodem
1100 4018 1149 4081 die
1171 4017 1265 4081 107107
1287 4017 1319 4080 70
1340 4019 1466 4081 71777770

148 4112 278 4175 consul:
309 4132 374 4196 quo
396 4132 466 4173 777777
489 4109 556 4192 ipse
576 4123 606 4174 77
625 4123 789 4173 senatores
808 4124 981 4193 spectatum
1003 4125 1146 4176 esenatu
1166 4112 1341 4188 7777777707,
1367 4112 1404 4174 S.
1423 4108 1466 4177 C·

148 4199 226 4264 illud
245 4205 282 4265 717
302 4203 470 4269 Ciceronis
488 4202 592 4267 reditu
611 4204 747 4279 facturn,
770 4206 1027 4291 frequentissimo
1040 4208 1186 4282 theatro
1209 4204 1468 4271 77777170717017·

151 4314 241 4356 77077
258 4306 289 4358 et
305 4297 418 4378 plausu
435 4299 677 4379 comprobatum
695 4311 758 4372 est;
781 4320 843 4381 pro
856 4299 961 4365 Sestio
977 4322 1049 4383 cap
1063 4302 1115 4371 55.
1136 4311 1168 4363 77
1185 4298 1302 4364 libr.I.
1323 4318 1398 4385 etp.
1412 4298 1467 4365 98.

151 4386 190 4447 717
219 4384 364 4452 11777777.
408 4390 570 4455 Postridie
599 4394 637 4455 717
667 4389 833 4457 Ciceronis
862 4395 962 4458 salute
993 4397 1035 4458 P.
1059 4393 1189 4459 Lentuli
1212 4391 1373 4471 consulis,
1402 4390 1468 4459 077.

151 4478 302 4561 Pompeii
319 4494 563 4591 ceterorumque
580 4486 768 4593 principum,
791 4487 821 4551 77
839 4488 948 4554 1777Ρ.
961 4489 1089 4553 Servilii
1105 4490 1191 4554 etL.
1203 4488 1311 4563 Gellii,
1327 4486 1469 4553 77171777·

151 4569 249 4634 rimae
274 4584 306 4636 77
327 4577 530 4659 gravissimae
550 4578 720 4645 conciones
738 4582 882 4657 luerunt3
910 4594 986 4664 post
1002 4584 1096 4647 redit.
1119 4586 1158 4647 ad
1174 4582 1320 4664 Quirites
1341 4602 1415 4667 cap.
1433 4578 1465 4643 1.

150 4684 221 4748 seq.
250 4677 282 4729 et
306 4666 337 4729 77
357 4683 467 4735 777770
495 4696 566 4756 cap.
586 4677 658 4751 11.,
685 4696 747 4756 pro
767 4674 871 4740 Sestio
897 4696 969 4758 cap.
988 4678 1062 4753 50.,
1092 4677 1124 4741 70
1142 4677 1294 4744 Pisonem
1320 4698 1393 4761 cap.
1413 4666 1467 4739 11.

151 4758 340 4847 Eodemque
365 4761 415 4829 die
440 4767 631 4833 decretum
622 4791 655 4834 77
678 4767 765 4835 77777
788 4770 848 4835 luit
873 4771 1107 4858 popnliipsius
1128 4775 1266 4842 Romani
1286 4786 1464 4848 eteorum,
