3218 5310
668 272 907 337 HlS'l'OlllA.
1428 278 1468 341 35

141 410 224 474 mam
246 410 435 496 colligendis
456 410 569 475 litteris
590 411 621 474 in
641 415 779 476 Verrem
802 425 833 475 et
851 414 1068 479 denuntiandis
1091 415 1278 480 testimoniis
1299 437 1472 502 peragras·

141 516 191 568 set
213 504 325 568 dicbus
359 505 604 591 quinquaginta,
642 509 777 572 Romam
800 529 965 584 reversus,
1000 531 1071 571 cum
1093 509 1215 573 videret
1238 509 1269 573 id
1290 510 1361 595 agi,
1396 523 1471 573 uta

141 598 206 662 Μ’.
231 597 409 664 Glabrione
431 610 582 683 praetore
604 612 639 663 ct·
657 602 696 663 ab
718 601 756 664 iis
778 602 950 677 iudicibus,
986 602 1040 687 qui
1066 613 1141 666 tunc
1163 616 1270 679 crant,
1310 605 1349 666 ad
1376 604 1470 667 alium

140 713 256 767 anunm
283 692 442 778 aliumque
473 705 654 775 praetorem
685 715 737 757 res
767 706 833 758 tota
863 695 1011 759 transiret
1037 696 1275 780 eripereturque
1308 696 1369 760 sibi
1393 717 1466 760 reus

137 783 512 871 patrocinio⁸Hortcnsii
541 808 578 849 ac
601 787 747 862 Metelli,
772 788 828 872 qui
852 799 927 853 tunc
959 789 1106 852 consules
1132 789 1232 852 futuri
1266 800 1373 863 erant3
1403 791 1466 852 hoc

138 893 340 950 commentus
367 893 414 944 cst
438 881 590 959 rationis,
615 893 650 943 ut
670 880 846 945 orationem
872 885 1000 966 longam
1022 883 1289 964 praetermitteret
1311 906 1412 968 neque
1436 883 1467 944 in

140 973 328 1039 criminibus
359 974 586 1038 declamatione
621 974 815 1037 cumulandis
855 988 979 1059 tempus
1014 979 1210 1055 absumeret,
1244 979 1299 1040 sed
1333 990 1468 1040 tantum-

139 1070 241 1134 modo
269 1069 382 1134 citaret
408 1080 505 1132 testes
529 1072 569 1132 ad
594 1090 687 1132 unum
718 1071 868 1153 quodque
896 1071 1013 1133 crimen
1038 1072 1217 1153 expositum
1241 1084 1273 1134 et
1295 1094 1350 1136 cos
1378 1073 1467 1136 Hor·

138 1162 246 1226 tensio
280 1160 529 1247 interrogandos
556 1166 663 1238 daret,
699 1161 799 1245 inquit
835 1164 994 1227 Asconius
1028 1187 1100 1250 arg.
1136 1168 1236 1230 Verr.
1269 1167 1317 1229 11.
1376 1166 1468 1231 Unde

141 1256 356 1338 Quintilianus
381 1259 456 1321 libr.
483 1258 548 1321 Vl.
576 1278 648 1339 cap.
680 1259 731 1319 6.:
770 1259 889 1320 Cicero
925 1280 1056 1322 summo
1091 1261 1236 1323 consilio
1270 1260 1399 1323 videtur
1432 1260 1467 1319 in

140 1350 276 1417 Verrem
298 1351 350 1414 vel
369 1352 568 1414 contrahere
598 1359 752 1430 temporo
781 1347 915 1411 dicendi
941 1350 1100 1412 moluisse
1129 1370 1234 1433 quum
1255 1351 1289 1411 in
1310 1371 1387 1413 eum
1409 1371 1468 1412 ou-

137 1462 240 1524 num,
271 1451 436 1525 nouerat
458 1443 498 1520 O.
519 1442 723 1505 Hortensius
746 1439 868 1500 consul
880 1436 1047 1519 futurus,
1079 1440 1234 1504 incidere·
1288 1438 1465 1504 Consilium

136 1554 230 1596 suum
259 1532 327 1615 ipsc
362 1531 480 1596 Cicero
514 1531 652 1594 Verriua
686 1532 821 1593 secunda
851 1527 982 1609 copiose
1006 1531 1158 1612 exponit3
1193 1555 1274 1617 quac
1298 1548 1467 1619 practerea

137 1626 397 1691 exhortationem
420 1626 561 1690 continet
587 1625 720 1688 iudicum
743 1626 783 1686 ad
811 1643 884 1684 vere
908 1621 1125 1686 imlicaudum:
1157 1627 1259 1690 minae
1283 1651 1411 1712 utroque
1434 1631 1464 1694 iu

137 1718 344 1784 adversarios
380 1720 561 1804 diriguntur
596 1719 702 1783 numia
738 1729 893 1780 tentantes
927 1719 965 1777 ad
1003 1723 1267 1801 corrumpendum
1304 1723 1464 1788 iudicium.

140 1817 217 1898 Qua
240 1814 385 1879 oratione
408 1813 476 1895 ipse
499 1811 638 1875 Verrina
661 1811 753 1874 tertia
784 1833 854 1892 cap.
887 1814 917 1871 7.
942 1812 1004 1872 hoe
1029 1833 1063 1873 sc
1086 1824 1263 1876 assecutum
1286 1815 1384 1880 fuisse
1407 1818 1464 1894 ait,

139 1918 180 1975 ut
201 1930 263 1972 uua
284 1910 384 1984 bora,
409 1929 470 1992 qua
496 1907 606 1989 coepit
630 1907 752 1984 dicerc',
776 1928 834 1970 reo
853 1926 940 1986 spem
967 1903 1072 1967 iudicii
1093 1909 1317 1990 corrumpendi
1343 1913 1467 1992 pracci-

138 2005 244 2067 deret.
290 2002 401 2067 Primo
423 2012 524 2063 atttem
546 2001 596 2062 die
619 2022 734 2085 rungno
758 1999 882 2062 testium
902 2019 1033 2060 utintcro
1059 1998 1176 2074 citato,
1201 2001 1280 2064 alter
1303 2003 1368 2066 dics
1389 2005 1467 2068 ami·

139 2097 186 2163 ets
211 2095 330 2160 Verris
349 2108 378 2159 et
401 2095 623 2158 defensoribus
647 2116 709 2158 uon
728 2099 823 2158 ruodo
848 2113 934 2174 spem
958 2090 1130 2168 victoriae,
1153 2100 1209 2157 scd
1232 2097 1323 2158 ctiam
1350 2099 1467 2163 volun·

138 2203 237 2256 tatem
265 2188 456 2255 defensionis
482 2188 624 2251 abstulit.
669 2191 770 2265 Nam,
796 2200 830 2250 ut
856 2185 1016 2250 Asconius
1046 2188 1173 2262 scribit,
1205 2202 1272 2252 arte
1299 2189 1467 2257 Ciceronis

136 2286 181 2351 ita
204 2297 256 2349 est
277 2284 427 2369 fatigatus
453 2282 665 2358 Hortensius,
698 2292 731 2344 ut
758 2283 850 2356 nibil,
881 2290 992 2343 contra
1019 2282 1106 2360 ‹prrod
1131 2281 1269 2360 diceret,
1293 2284 1463 2349 inveniret.

136 2382 262 2464 ltaque
284 2378 399 2456 nodis,
420 2377 462 2439 ait
479 2376 598 2441 Cicero
620 2377 650 2438 in
667 2379 809 2447 Oratore
832 2397 904 2456 cap.
926 2373 1000 2446 37„
1021 2393 1085 2453 pro
1095 2373 1280 2453 familiari
1298 2374 1355 2441 re'o
1374 2400 1465 2443 sum·

137 2492 216 2535 mus
237 2480 360 2534 orator
382 2493 449 2534 non
474 2470 644 2549 respondit
669 2469 883 2532 Hortensius.
924 2463 1059 2530 Dicendi
1091 2465 1171 2527 enim
1198 2466 1381 2531 iacitltatem
1407 2469 1466 2535 ci-

136 2581 216 2625 cero
242 2561 422 2625 Hortensio
448 2561 563 2622 millam
588 2558 674 2622 dedit
700 2559 777 2621 nibil
799 2559 866 2640 ipsc
892 2560 1042 2634 dicendo,
1067 2558 1109 2620 ait
1129 2560 1308 2635 Asconius;
1333 2576 1364 2626 et
1385 2565 1466 2628 Plu·

137 2656 289 2730 tarcbns,
319 2655 435 2719 τοῦτον
460 2648 540 2719 riter
565 2649 624 2718 οὐκ
652 2649 766 2729 samir,
789 2649 857 2716 ἀλλ’
890 2654 922 2733 ἐξ
950 2649 1053 2717 αὐτοῦ
1078 2648 1202 2736 τρόπον
1231 2652 1305 2720 τινὰ
1330 2657 1390 2721 τοῦ
1420 2655 1466 2743 μὴ

137 2744 255 2815 εἰπεῖν·
278 2747 333 2809 ubi
359 2745 526 2829 aliquando
552 2748 585 2826 ἐξ
616 2742 718 2811 αὐτοῦ
744 2757 930 2826 corruptum
956 2769 1024 2810 essc
1054 2759 1148 2832 atque
1176 2770 1236 2830 pro
1263 2749 1465 2838 costumiis

138 2843 340 2907 commodius
363 2841 428 2924 legi
453 2862 547 2923 posse
569 2838 691 2922 putari.
744 2842 807 2901 Sed
823 2840 983 2904 Adrianus
1002 2844 1170 2904 'l'uruebns
1194 2843 1305 2918 (cuius
1328 2865 1462 2924 nomen,

139 2948 173 3000 ut
201 2935 349 3020 magistri
375 2936 412 2997 de
440 2956 488 2996 mc
518 2935 636 3017 optime
673 2933 794 3008 meriti,
831 2933 905 2998 mibi
931 2956 1088 3016 nunquam
1117 2935 1176 2997 nisi
1208 2936 1343 3000 honoris
1368 2960 1463 3002 causa

138 3031 356 3114 usurpandum
390 3031 457 3107 cst)
482 3050 564 3092 anno
594 3027 760 3110 superiore
783 3027 894 3092 litteris
923 3028 1137 3112 significavit,
1173 3025 1296 3114 τρόπον
1329 3029 1402 3097 τινὰ
1432 3035 1465 3114 ἐξ

139 3120 243 3193 αὐτοῦ
266 3124 326 3189 τοῦ
340 3119 386 3209 μὴ
404 3118 520 3199 εἰπεῖν,
542 3143 612 3184 csse
629 3121 781 3205 quodum
807 3125 909 3187 modo
933 3123 1096 3186 abdicato
1121 3122 1328 3205 eloquentia.
1372 3128 1464 3190 Haec

137 3219 238 3303 prima
262 3216 364 3292 actio,
389 3216 478 3279 cuius
498 3214 585 3299 quasi
603 3213 800 3296 prooemium
820 3225 938 3277 tautum
955 3214 1068 3278 litteris
1088 3217 1265 3277 mandatum
1289 3229 1354 3294 est,
1379 3243 1460 3303 quiae

139 3312 279 3375 Verrina
303 3314 438 3374 secunda
454 3320 651 3382 numeratur,
677 3329 791 3370 trovrm
813 3307 921 3369 dielms
944 3320 1100 3369 transacta
1124 3320 1170 3371 est
1193 3310 1345 3386 (Verrina
1367 3315 1461 3377 tertia

140 3427 168 3471 c.
188 3406 276 3484 60.);
300 3424 400 3488 eaque
424 3405 547 3465 Verres
573 3401 737 3465 convictus
756 3422 811 3462 sua
831 3413 945 3483 sponte
968 3401 997 3464 in
1016 3401 1160 3465 exsilium
1181 3405 1314 3466 decessit
1336 3408 1462 3485 (Asco-

141 3498 246 3577 uns);
278 3497 309 3560 iu
336 3517 401 3582 quo
428 3495 542 3559 exsilio
572 3495 659 3557 illum
686 3496 906 3570 consenuisse,
939 3498 1080 3559 dorrcca
1108 3496 1281 3559 triumviris
1309 3513 1381 3580 post
1406 3499 1463 3563 Ci-

142 3590 266 3656 cerouis
294 3603 428 3654 mortem
458 3588 659 3673 proscriptus
685 3587 797 3670 periit,
823 3600 1005 3652 auctorest
1033 3590 1217 3654 Lactantius
1241 3590 1297 3653 lib.
1319 3594 1366 3655 ll.
1389 3615 1460 3675 cap.

144 3685 180 3761 l,
202 3685 257 3749 at.
282 3694 314 3748 et
336 3688 456 3749 Seneca
485 3683 516 3746 in
545 3681 701 3745 Suasoriis
730 3683 804 3745 libr.
832 3684 869 3757 l,
904 3680 963 3746 6.ι
1008 3683 1230 3766 Proscriptum
1260 3686 1399 3748 Verrem
1422 3689 1461 3748 ab

139 3778 286 3847 Antonio
320 3779 432 3852 tradit,
458 3781 546 3862 quod
580 3775 756 3839 Corinthiis
789 3798 824 3840 se
850 3777 878 3839 ci
911 3799 1074 3840 cessurum
1106 3777 1305 3862 negavisset,
1341 3778 1463 3842 Plinius

144 3872 196 3939 lib·
219 3874 390 3939 XXXIV.
417 3895 488 3957 cap.
517 3874 549 3935 2.
595 3872 745 3955 Reliquas
775 3870 931 3933 Verrinas
961 3872 1100 3958 quinquo
1130 3873 1246 3936 Cicero
1277 3892 1340 3934 non
1363 3873 1461 3935 dixit:

147 3971 216 4043 aed,
240 3988 313 4032 cum
342 3969 438 4032 vellet
463 3988 587 4032 omnem
609 3964 672 4028 vim
696 3975 728 4027 et
757 3963 909 4027 rationem
937 3966 1104 4028 accusandi
1127 3966 1156 4027 in
1186 3986 1249 4028 urm
1273 3985 1331 4026 reo
1358 3977 1464 4028 osten·

149 4062 235 4141 dere,
267 4063 407 4149 quinque
430 4065 490 4126 lios
509 4062 609 4124 libros
638 4055 877 4138 domiscriptns
899 4060 1017 4133 rdidit;
1052 4082 1132 4141 qum
1162 4079 1223 4140 pro
1253 4059 1375 4121 ratione
1402 4059 1465 4122 cri-

150 4155 258 4221 ninum
283 4157 429 4220 dividens
452 4167 523 4219 ante
546 4154 623 4216 actis
647 4174 740 4214 numu
757 4149 861 4226 dedit,
885 4153 1006 4216 crimini
1030 4154 1275 4234 repetundarum
1299 4165 1462 4235 quattuor,
1570 4208 1572 4212 ,

151 4268 240 4315 uuum
262 4253 302 4315 de
324 4250 572 4327 iurcdicuudo,
596 4249 728 4310 alterurn
756 4249 794 4308 dc
825 4267 860 4307 rc
883 4247 1107 4320 frumentaria,
1131 4245 1257 4308 tertium
1281 4249 1319 4308 dc
1344 4247 1464 4332 signis,

150 4357 292 4427 quartum
323 4347 361 4408 de
390 4341 571 4428 suppliciis;
598 4339 778 4408 Asconius.
832 4342 877 4404 Hi
908 4353 980 4402 suut
1010 4341 1148 4423 quinque
1182 4350 1293 4402 contra
1327 4342 1467 4405 Verrem

150 4438 313 4503 secundae
340 4438 488 4502 aetionis
509 4434 601 4510 libri,
641 4437 680 4497 dc
706 4435 820 4516 quibus
850 4437 969 4499 Fabius
991 4435 1046 4497 lib.
1068 4434 1133 4496 Xl.
1160 4441 1237 4516 'cap.
1266 4438 1297 4499 2.
1323 4440 1405 4499 med.
1436 4447 1468 4497 ct

152 4526 277 4593 Tacitus
298 4528 330 4592 in
356 4527 485 4614 dialogo
514 4532 552 4592 de
575 4529 767 4595 Oratoribus
793 4553 865 4612 cap.
896 4531 949 4591 20.
1000 4526 1104 4591 Etiam
1129 4525 1248 4593 Cicero
1268 4529 1302 4592 in
1326 4532 1467 4596 Oratore

153 4640 215 4750 *⁰
239 4687 271 4742 P·
294 4690 342 4745 tt.
363 4685 415 4741 ltd.
438 4687 573 4741 Gronorli
600 4688 683 4744 1672.
701 4715 738 4728 -
759 4685 917 4738 Ciceronem
939 4688 1086 4732 exoratum
1112 4698 1130 4731 n
1161 4681 1280 4736 Vatinio
1308 4680 1340 4733 C.
1368 4695 1471 4751 qnoque

155 4757 237 4815 th
257 4760 397 4833 adfuisse.
436 4759 510 4818 lbid.
538 4777 599 4835 pag.
621 4765 666 4822 56.
691 4789 729 4804 -
752 4759 878 4811 Humilia
911 4763 942 4809 in
972 4756 1163 4810 adulationem
1187 4757 1276 4810 verba
1303 4752 1472 4807 submittes?
1566 4764 1568 4769 ·

155 4833 258 4903 Pudeat
276 4836 312 4895 V
309 4855 401 4892 errem
423 4855 547 4912 qnoque,
563 4842 631 4912 qiua
642 4842 820 4909 proscriptus
829 4832 947 4906 fortius
966 4837 1063 4905 periit.
