3218 5310
201 262 245 327 ts
599 262 653 327 Μ.
681 261 844 328 TULLII
871 258 1123 328 CICERONIS

200 405 377 489 litterisque
397 403 588 478 amicorum,
606 424 698 488 ‘quae
717 403 822 467 Roma
845 403 1032 486 frequentes
1056 403 1212 486 adipsum
1232 402 1465 479 afferebantur,
1495 413 1528 466 et

201 499 426 571 cohortatione
452 496 622 572 Antiochi,
648 509 766 560 utrem
792 498 949 579 publicam
970 509 1166 580 capesseret,
1190 496 1312 558 dicendi
1330 496 1411 573 vim,
1441 498 1529 560 velut

199 596 457 668 instrumentum,
485 612 596 654 rursm
621 589 761 654 excoluit
783 591 969 677 civilemque
996 591 1176 655 facultatem
1197 588 1364 654 excitarit.
1414 591 1528 675 ltaque

200 690 356 773 primurn,
394 699 427 750 ut
452 685 519 768 ipsc
543 684 573 747 in
597 686 700 748 Bruto
727 707 799 767 cap.
824 687 875 751 91.
898 686 1027 761 scribit,
1063 684 1197 748 Athenis
1222 687 1305 766 apud
1330 685 1528 748 Demetrium

202 785 337 864 Syrum,
368 791 506 843 veterem
535 791 565 841 ct
596 800 659 841 non
687 779 859 863 ignobilem
885 779 1007 842 dicendi
1030 778 1234 862 magistrum,
1265 777 1406 842 studiose
1432 799 1530 841 exer·

200 879 345 941 cehatur.
383 875 464 937 Post
482 884 580 935 totam
598 872 705 936 Asiam
723 873 909 954 peragravit
928 895 997 935 cnm
1017 873 1145 935 summis
1165 871 1370 948 oratoribus,
1394 874 1527 957 quibus-

200 992 270 1034 cum
294 971 505 1031 exercebatur
521 965 597 1048 ipsis
614 966 813 1029 lubentibus:
837 989 971 1049 quorum
995 979 1063 1031 erat
1079 968 1229 1051 princeps
1246 967 1420 1050 Menippus
1437 971 1529 1032 Stra·

199 1063 390 1136 tonicensis,
421 1082 513 1147 quem
541 1061 733 1124 Plutarchus
759 1060 945 1142 Menippum
974 1060 1088 1124 Carem
1112 1060 1263 1125 nominat.
1303 1058 1422 1124 Cicero
1453 1083 1526 1126 eum

199 1170 266 1223 tota
288 1156 365 1221 Asia
385 1155 445 1218 illis
463 1154 659 1236 temporibus
680 1152 916 1215 disertissimum
932 1154 1028 1218 fuisse
1045 1154 1171 1217 iudicat.
1216 1156 1308 1220 Unde
1329 1157 1447 1219 Strabo
1467 1156 1524 1220 lib.

200 1254 300 1320 xlv.
311 1274 345 1335 p.
355 1252 429 1314 (160.
441 1245 621 1314 κάνταῦθα
631 1248 659 1312 d’
672 1244 754 1334 ἀνὴρ
767 1242 938 1332 ἀξιόλογος
952 1242 1121 1332 γεγένηται
1133 1242 1241 1336 ῥήτωρ
1257 1242 1431 1325 Μένίππος
1441 1246 1528 1317 κατὰ

200 1345 277 1425 τοὺς
296 1341 442 1430 πατέρας
461 1338 566 1428 ἡμῶν,
594 1336 752 1417 Κατόκας
773 1337 1040 1426 ἐπικαλούμενος,
1071 1337 1109 1407 iiv
1132 1338 1292 1408 κάλλιστα
1316 1343 1443 1409 ἐπαινεῖ
1464 1345 1528 1410 τῶν

200 1438 286 1510 κατὰ
313 1437 370 1520 τὴν
390 1435 508 1505 Ἀσίαν
536 1431 696 1523 ῥητόρων,
724 1426 766 1500 ὧν
795 1431 997 1522 ἠκροάσατο,
1027 1431 1191 1524 Κικέρων,
1221 1427 1263 1513 ὥς
1285 1434 1442 1526 (pueraria
1464 1461 1528 1503 τινι

201 1535 316 1628 γραφῇ
336 1529 456 1609 αὐτοῦ,
486 1532 665 1616 συγκρίνων
688 1530 838 1595 Ξενοκλεῖ
854 1534 907 1595 καὶ
933 1534 1001 1606 roi,-
1018 1529 1091 1594 καῖ’
1111 1532 1229 1594 ἐκεῖνον
1249 1524 1442 1614 ἀκμάζουσι.
1488 1531 1528 1595 ld

199 1642 263 1705 est,
293 1626 370 1692 Fuit
394 1625 441 1688 ibi
462 1634 604 1707 patrum
630 1635 830 1686 nostrorum
857 1621 1023 1685 memoria
1046 1622 1169 1686 nobilis
1199 1623 1367 1708 magister
1393 1624 1529 1690 dicendi

200 1725 389 1807 Menippus
407 1729 634 1803 cognomento
645 1721 809 1782 Catocas:
830 1740 929 1803 quem
942 1718 1063 1783 Cicero
1079 1736 1126 1780 ex
1136 1717 1300 1782 Asiaticis
1317 1719 1527 1795 oratoribus,

200 1839 286 1906 quos
310 1813 460 1887 audiuit,
495 1811 648 1874 anaxime
671 1812 806 1885 laudat,
835 1824 873 1873 ut
898 1823 950 1874 est
972 1812 1008 1874 in
1031 1813 1181 1896 quodam
1199 1812 1313 1903 ipsius
1335 1813 1440 1889 libro,
1471 1814 1529 1878 uhi

199 1935 277 1977 eum
295 1932 373 1974 cum
391 1910 538 1973 Xenocle
557 1917 658 1990 atque
681 1906 777 1968 illias
797 1905 924 1968 aetatis
942 1906 1140 1969 oratoribus
1156 1917 1346 1988 comparat.
1391 1907 1442 1970 De
1460 1909 1529 1971 Xe-

200 2007 294 2070 nocle
321 2006 575 2082 Adramyttcuo,
602 1999 652 2062 cui
680 1998 797 2063 Cicero
823 1998 898 2061 item
924 2021 1054 2082 operam
1085 2002 1188 2074 dedit,
1220 1999 1300 2062 idem
1325 2001 1443 2064 Strabo
1469 2001 1526 2065 lib.

199 2100 301 2164 xltt.
348 2098 428 2160 Erat
451 2117 520 2158 cnm
533 2093 701 2158 Cicerone
727 2104 792 2155 tum
819 2092 912 2156 etiam
937 2091 1116 2173 Aeschylus
1140 2092 1287 2168 Cnidius,
1315 2093 1528 2157 assiduissime

200 2206 302 2256 atatem
328 2187 504 2269 Dionysius
529 2188 682 2268 Magnes.
728 2186 850 2265 Quibus
874 2209 936 2250 nou
955 2198 1121 2250 contentus
1145 2189 1294 2251 Rhodum
1323 2188 1408 2251 veuit
1430 2210 1528 2272 aeque

201 2288 240 2348 ad
262 2286 408 2356 eundem,
434 2304 527 2367 quem
547 2283 669 2345 Romae
689 2280 872 2355 audiverat,
898 2282 1064 2345 Molonem
1084 2282 1271 2364 applicarit,
1296 2302 1365 2344 curu
1384 2294 1526 2346 actorem

200 2380 232 2444 in
253 2377 335 2440 veris
360 2376 464 2439 carrsis
493 2373 745 2458 scriptoremque
771 2387 1001 2457 praestantem,
1029 2386 1093 2438 tum
1116 2374 1147 2437 iu
1169 2375 1312 2438 uotaudis
1330 2375 1528 2440 animadver-

201 2473 365 2556 tendisque
383 2469 464 2532 vitiis
484 2479 515 2531 et
531 2468 721 2532 instituendo
743 2470 951 2552 docendoque
966 2467 1256 2551 prudentissimum.
1292 2469 1324 2533 Is
1344 2471 1428 2532 dedit
1448 2493 1527 2553 ope-

199 2589 285 2640 ram,
316 2577 349 2628 ut
369 2564 459 2626 nimis
483 2563 709 2626 redundantem
737 2573 897 2626 oratorem
917 2574 1061 2627 nostrum
1085 2574 1117 2626 et
1134 2563 1377 2644 superfluentem
1397 2563 1528 2629 iuvenili

201 2662 334 2745 quadam
359 2656 481 2720 dicendi
504 2655 689 2739 impunitate
716 2669 746 2720 et
771 2657 895 2719 licentia
921 2656 1112 2738 reprimeret
1138 2667 1171 2719 et
1200 2659 1288 2741 quasi
1319 2671 1408 2721 extra
1439 2659 1526 2742 ripas

201 2755 391 2820 diffluentem
419 2755 603 2825 coiirceret3
640 2763 753 2815 auctor
778 2751 846 2832 ipse
876 2750 908 2814 in
931 2750 1035 2815 Bruto
1071 2774 1143 2834 cap.
1170 2752 1223 2816 91.
1274 2753 1324 2816 De
1349 2753 1529 2836 Apollonio

200 2849 355 2922 Molone,
378 2846 480 2930 iuquit
492 2845 702 2919 Plutarchus,
727 2844 874 2908 traditum
890 2857 938 2907 est
953 2845 1141 2920 memoriae,
1160 2867 1230 2908 cram
1248 2845 1382 2911 Latinae
1400 2847 1527 2933 linguae

200 2944 308 3006 rudem
327 2962 461 3024 rogasse
479 2938 689 3014 Ciceronem,
715 2953 749 3003 ut
769 2942 893 3003 Graece
916 2941 1119 3003 declamaret.
1160 2942 1198 3005 lu
1219 2963 1283 3024 quo
1303 2963 1372 3004 cttttt
1393 2941 1466 3007 ideo
1482 2943 1529 3007 illi

201 3038 468 3118 obtemperasset,
498 3034 585 3117 quod
608 3045 735 3115 putaret
759 3053 793 3096 se
811 3033 854 3096 ita
879 3034 988 3096 melius
1007 3035 1128 3118 corrigi
1147 3056 1260 3118 posse,
1295 3037 1394 3099 ceteri
1418 3057 1528 3102 omues

201 3129 407 3193 admiratione
432 3128 647 3211 obstupefacti
676 3127 817 3192 c'crtatim
843 3129 882 3190 de
906 3125 1065 3193 Cicerone
1087 3128 1230 3214 aliusque
1256 3128 1318 3193 alio
1350 3129 1528 3214 gloriosius

199 3225 415 3310 praedicabat.
462 3222 655 3304 Apollonius
685 3243 785 3306 neque
813 3232 925 3285 orante
945 3221 1104 3287 Ciccrone
1132 3224 1279 3287 laetitiam
1299 3245 1376 3306 prae
1401 3245 1434 3286 se
1456 3224 1527 3287 tulit

200 3332 250 3396 et,
270 3340 340 3381 cum
353 3326 554 3400 perorasset,
579 3315 701 3391 defixus
720 3317 750 3378 iu
763 3317 959 3401 cogitatione
976 3320 1027 3381 diu
1046 3319 1146 3382 sedit:
1168 3321 1256 3404 quod
1268 3319 1322 3381 ubi
1335 3316 1525 3382 Ciceronem

201 3435 298 3498 aegre
319 3413 405 3476 ferre
427 3409 540 3485 sensit,
565 3411 642 3471 haec
661 3409 728 3473 cius
748 3433 812 3474 rcx
828 3413 950 3494 erupitz
980 3417 1029 3478 Te
1047 3413 1218 3500 equidem,
1243 3415 1296 3480 M.
1319 3412 1430 3485 Tulli,
1456 3414 1526 3474 col-

200 3508 305 3572 laudo
322 3517 355 3569 et
371 3502 545 3575 adurimur
567 3504 627 3566 sed
643 3527 696 3566 rue
708 3506 921 3568 Graecorum
938 3504 1107 3590 fortunae
1122 3508 1279 3581 miseret,
1298 3528 1374 3568 cram
1392 3504 1526 3569 videam

201 3603 376 3668 doctr-inae
399 3611 432 3663 et
452 3599 664 3685 eloquentiae
687 3600 840 3675 laudem,
866 3622 953 3685 quae
974 3604 1054 3686 sola
1064 3601 1167 3679 uobis
1189 3602 1323 3684 reliqua
1338 3610 1431 3675 erat,
1462 3621 1526 3682 per

201 3710 233 3760 te
245 3697 291 3760 ad
298 3699 472 3760 Romanos
488 3696 694 3756 translatam
712 3714 797 3757 esse.
824 3693 931 3759 Rhodi
944 3668 1281 3761 CiceroPosidouirrru
1298 3695 1525 3777 philosophum

201 3789 293 3854 etiam
315 3786 453 3861 erudivit,
483 3799 517 3849 ut
541 3789 732 3851 Plutarchus
752 3789 875 3853 scribit.
918 3789 1114 3855 Posidonius
1139 3790 1309 3853 enimcum
1334 3803 1416 3852 essct
1435 3791 1527 3871 Apa·

201 3883 328 3969 mieqsis
340 3904 356 3945 e
369 3881 473 3962 Syria,
489 3881 597 3947 Rhodi
608 3881 698 3954 vixit,
709 3895 787 3945 teste
798 3884 956 3947 Strabone
969 3883 1026 3948 lib.
1039 3884 1185 3967 xtvp.
1197 3885 1269 3947 [155.
1287 3885 1382 3946 Hunc
1394 3884 1527 3946 familia·

201 4001 267 4043 rem
290 3974 382 4040 hirtam
406 3989 499 4040 cocat
520 3973 591 4040 Cic.
616 3974 671 4038 lib.
692 3976 720 4039 1.
743 3998 814 4058 cap.
834 3976 865 4040 2.
898 3979 935 4039 dc
954 3979 1059 4041 Finib.
1105 3980 1250 4043 Eurrdcru
1272 3978 1326 4042 lib.
1344 3981 1373 4042 Ι.
1399 3981 1436 4041 dc
1463 3980 1529 4042 Na-

200 4082 271 4133 tura
290 4074 321 4134 d.
339 4070 452 4152 eap.3.
473 4070 554 4133 inter
575 4090 631 4133 eos
651 4083 811 4146 numerat,
835 4072 983 4156 aquibus
1002 4073 1033 4135 iu
1053 4072 1255 4156 philosophia
1275 4073 1432 4136 institutus
1453 4071 1527 4135 suit.

201 4166 375 4228 Praeterea
395 4165 426 4228 iu
444 4164 528 4229 libro
549 4167 587 4228 de
606 4165 686 4227 Fato
706 4187 777 4248 cap.
796 4165 828 4227 3.
853 4165 893 4228 ita
917 4166 1046 4229 scribit:
1069 4169 1248 4251 Quaedam
1265 4169 1369 4232 etiam
1386 4166 1529 4232 Posido·

202 4257 280 4321 nius
303 4259 400 4340 (pace
418 4259 580 4343 magistri
599 4258 766 4340 dixerim)
788 4259 997 4323 comminisci
1018 4261 1181 4324 uidetur.¹

240 4413 268 4486 t)
289 4414 348 4465 Hoc
363 4430 435 4465 anno
449 4415 549 4468 thero
569 4430 623 4468 nna
644 4431 707 4467 cum
726 4413 760 4466 T.
775 4415 928 4485 Pomponlo
945 4412 1081 4486 (Attlco),
1103 4419 1210 4469 ttlnertr
1226 4421 1338 4479 comite,
1359 4419 1415 4483 (cul
1431 4432 1527 4489 postea

202 4507 228 4544 s.
242 4508 270 4543 u.
286 4505 311 4541 c.
327 4491 392 4547 699.
413 4491 504 4562 Capu.
517 4513 555 4546 ::
572 4497 633 4548 700.
655 4493 731 4542 Verr.
746 4492 892 4560 ‚inscripsit
911 4487 997 4541 libros
1019 4508 1065 4542 sex
1086 4493 1120 4544 de
1141 4511 1169 4544 re
1191 4492 1314 4564 publica)
1334 4495 1468 4563 Smyrnae
1490 4500 1529 4547 el·

201 4565 243 4618 dit
266 4566 296 4619 P.
317 4566 449 4619 Rutilium
474 4564 574 4619 Rufum
602 4563 656 4641 (de
682 4568 718 4618 lle
739 4563 813 4638 publ.
834 4571 866 4630 1,
887 4570 920 4631 8,
941 4571 984 4625 13.
1010 4567 1089 4620 Brut.
1110 4573 1162 4637 22,
1181 4573 1226 4628 85.
1255 4565 1305 4621 cir.
1328 4567 1472 4622 Moserum
1498 4573 1528 4623 in

202 4640 253 4696 aa.
275 4639 340 4694 trs..
361 4637 394 4694 ο.
413 4641 450 4694 α.
471 4640 547 4714 pust.
570 4660 596 4714 p.
613 4642 744 4707 xxxa).

673 4772 1079 4787 m
