3218 5310
265 293 303 353 to
683 284 734 349 nt.
756 282 916 349 TULLII
939 280 1191 347 CICERONIS

264 434 349 496 Dum
372 430 449 491 haec
472 426 502 491 in
525 425 616 491 Italia
642 438 812 511 gerrrntnr,
834 425 956 487 interim
976 421 1180 500 Mithridates
1203 446 1260 485 rex
1284 423 1396 499 Pouti,
1422 422 1580 489 Ariobar-

263 546 343 591 zane
372 537 404 588 ct
431 524 606 587 Nicomede
634 522 739 583 anticio
764 520 876 601 populi
904 520 999 581 llom.
1029 520 1146 581 exactis
1173 517 1374 600 Cappadocia
1404 534 1496 603 atque
1525 522 1580 583 Ili-

265 620 388 703 thynia‚
421 617 527 681 Asiam
553 614 698 689 intravit,
739 635 862 698 tinaque
891 612 939 673 dic
961 622 1028 673 tota
1058 612 1135 675 Asia
1163 624 1208 674 tot
1234 614 1263 672 in
1285 614 1483 687 civitatibus,
1516 637 1579 677 mm

264 714 376 777 nuntio
399 722 493 795 atquc
516 732 575 773 una
597 710 768 772 litterarum
788 705 1016 790 significatione
1042 706 1127 769 cives
1150 707 1313 770 lloruanos
1335 711 1491 769 necandos
1512 722 1580 768 tru-

265 811 478 889 cidandosque
490 804 659 878 denotarit,
674 802 789 865 Cicero
803 802 833 862 iu
843 800 1027 873 Maniliana,
1041 820 1113 879 cap.
1126 800 1158 861 3.
1183 799 1295 861 Liuius
1308 800 1364 861 lib.
1379 803 1581 867 LXXVIII.

264 902 416 965 Valerius
433 900 487 961 lib.
513 899 562 961 Il.
593 920 662 978 cap.
690 898 720 960 9.
769 896 958 957 Plutarchus
981 892 1011 955 in
1035 893 1139 965 Sulla,
1165 894 1330 975 Appiarms
1355 894 1385 955 in
1411 897 1581 960 Mithrida-

265 998 344 1061 tico.
389 996 496 1077 Atque
516 994 591 1053 hacc
611 1003 657 1051 est
677 990 727 1051 illa
746 988 967 1051 universorum
985 985 1099 1048 civium
1118 988 1333 1051 llomauornm
1352 1012 1410 1070 per
1425 1001 1473 1053 tot
1486 994 1582 1055 urbes

266 1112 330 1154 rino
348 1100 467 1173 puncto
492 1085 643 1167 temporis
665 1084 773 1145 misera
797 1082 994 1161 crudelisque
1020 1082 1148 1154 caedes,
1173 1102 1268 1162 quam
1293 1080 1364 1147 Cic.
1381 1104 1442 1163 pro
1463 1086 1582 1151 Flacco

267 1208 336 1265 cap.
362 1184 413 1246 25.
438 1182 588 1245 nominat.
635 1180 730 1240 llanc
757 1196 834 1237 vero
859 1174 1073 1237 crudelitatem
1103 1175 1298 1239 Mithridatis
1325 1176 1356 1238 iu
1383 1189 1511 1261 togatos
1540 1182 1580 1243 P.

268 1276 407 1343 llntilius
426 1275 549 1349 llusus,
574 1295 642 1335 euru
660 1292 677 1331 a
695 1292 773 1351 rege
792 1267 955 1347 Mytilenis
974 1290 1146 1349 oppressus
1166 1280 1265 1344 esset,
1293 1269 1388 1331 vestis
1410 1272 1582 1333 mutatione

266 1370 397 1445 vitavit,
422 1382 456 1431 ut
477 1379 524 1431 est
546 1368 576 1429 iu
603 1376 686 1429 orat.
709 1385 770 1445 pro
789 1362 923 1425 Rabirio
953 1364 1107 1427 Postumo
1126 1384 1197 1445 cap.
1216 1367 1265 1425 to.
1310 1365 1397 1426 lderu
1420 1364 1449 1425 in
1474 1366 1582 1427 utant-

268 1466 347 1529 liaua
378 1486 450 1547 cap.
477 1466 510 1528 5.
538 1462 600 1525 ait:
633 1456 852 1523 Mithridatem
883 1468 945 1517 tum
973 1457 1108 1540 legatum
1131 1458 1241 1539 populi
1266 1460 1362 1523 Rom.
1385 1462 1582 1523 consularem

268 1558 402 1622 vinculis
426 1580 463 1619 ac
494 1552 680 1619 uerberibus
710 1564 804 1633 atque
826 1550 910 1613 oanni
934 1550 1089 1632 suppdicio
1111 1552 1324 1616 excruciatum
1345 1576 1485 1617 necasse.
1529 1554 1584 1615 ln·

267 1652 381 1737 telligit
400 1663 501 1714 autem
516 1652 578 1713 Μ’.
594 1644 768 1729 Aquillium
785 1644 944 1707 cotrsulcm
965 1644 1035 1707 arrisi
1052 1645 1194 1710 DCLll.
1214 1650 1251 1709 de
1268 1669 1348 1729 qtro,
1373 1660 1499 1730 praeter
1514 1650 1583 1728 ,tp-

267 1746 406 1829 piauum‚
421 1743 559 1807 Iustinus
573 1740 627 1803 lib.
640 1737 843 1801 XXXVIII.
861 1759 888 1799 c.
900 1738 931 1799 3.
949 1739 1127 1801 Athenaeus
1141 1741 1194 1804 lib.
1208 1743 1252 1802 V.
1268 1743 1470 1823 Ilipuosoph.
1484 1766 1512 1803 c.
1528 1746 1581 1803 50.

270 1838 389 1902 Cicero
407 1838 499 1899 etiam
516 1837 575 1896 hac
597 1836 634 1894 dc
652 1854 744 1893 causa
768 1830 829 1893 Μ’.
851 1830 982 1913 Aquittit
1001 1833 1186 1896 ruentiouern
1205 1835 1280 1897 l'aeit
1304 1838 1433 1899 'I'uscuh
1451 1839 1495 1900 V.
1514 1858 1584 1917 capr.

269 1935 300 1998 5.
346 1932 430 1997 Urbs
454 1930 588 1995 Rhodus
607 1926 674 1990 sola
699 1938 762 1987 tum
784 1924 815 1986 iu
836 1926 896 1987 title
913 1924 1041 1999 mansit,
1067 1938 1159 2009 atque
1180 1941 1360 2011 oppugnata
1381 1930 1458 2004 luit,
1485 1941 1521 1991 ut
1537 1940 1585 1989 cst

268 2028 299 2089 in
323 2026 459 2109 epitoma
481 2022 571 2087 Livii
595 2020 651 2084 lih.
676 2019 875 2082 LXXVIII.
918 2020 1009 2080 Unde
1035 2018 1153 2085 Cicero
1181 2022 1210 2082 iu
1237 2026 1335 2086 Verr.
1353 2025 1415 2087 lV.
1438 2046 1509 2105 cap.
1534 2026 1586 2087 ⁶5.

267 2122 331 2185 ait:
355 2118 503 2183 Rhodios
522 2136 624 2196 prope
641 2114 729 2175 solos
751 2112 864 2173 bellum
885 2111 960 2171 illud
980 2113 1123 2191 superins
1144 2136 1213 2176 enm
1234 2115 1419 2179 Mithridate
1436 2118 1584 2197 gessisse,

269 2232 442 2295 ornueaquc
465 2208 531 2297 cius
549 2206 658 2287 copias
675 2206 923 2285 acerriuumupre
946 2205 1094 2285 impetum
1117 2208 1299 2283 umoribus,
1324 2210 1483 2275 littoribus
1504 2212 1586 2273 clas·

270 2306 422 2389 sihnsque
450 2302 514 2365 suis
539 2298 712 2380 excepisse.
772 2300 893 2360 Eodem
926 2311 1087 2379 tempore,
1122 2323 1191 2361 cum
1219 2303 1366 2385 princeps
1395 2304 1586 2368 Academiae

270 2400 366 2464 Philo
389 2420 458 2460 curu
479 2392 715 2459 Atheniensium
737 2391 938 2474 optimatibus
957 2390 1177 2457 Mithridatico
1203 2396 1287 2459 bello
1305 2400 1400 2461 domo
1420 2398 1587 2481 profugis-

269 2505 316 2557 set
346 2492 544 2571 Romauupre
573 2486 727 2559 venisset,
758 2496 856 2546 totum
883 2486 910 2547 ci
932 2506 965 2546 sc
985 2484 1102 2549 Cicero
1130 2488 1276 2564 tradidit,
1305 2492 1480 2555 admirabili
1503 2514 1586 2577 qino·

272 2590 341 2649 dam
364 2588 403 2647 nd
430 2580 662 2665 philosophiam
688 2578 793 2641 studio
817 2580 1006 2653 concitatus,
1033 2591 1066 2641 nt
1090 2581 1209 2663 ipsein
1241 2584 1345 2647 Bruto
1363 2608 1433 2666 cap.
1457 2586 1509 2651 89.
1533 2586 1587 2651 ait.

269 2682 356 2745 Hinc
377 2680 569 2743 Plutarchus
586 2698 656 2757 cap.
676 2675 706 2739 3.
728 2674 853 2746 serihit,
879 2673 1084 2751 Ciceronem,
1109 2698 1179 2737 erran
1205 2700 1222 2739 e
1247 2676 1357 2759 pueris
1381 2679 1584 2753 excessisset,

272 2773 440 2839 Philonem
465 2769 686 2835 Academicum
710 2765 882 2831 audiuisse:
906 2789 996 2851 quem
1017 2767 1098 2831 iuter
1119 2768 1310 2833 Clitomachi
1328 2772 1499 2855 discipulos
1520 2774 1588 2837 lle·

272 2868 351 2932 mani
377 2868 408 2929 iu
430 2864 541 2949 primis
563 2876 595 2927 et
621 2874 756 2945 propter
777 2863 948 2925 doctrinam
979 2863 1227 2939 admirabantur,
1252 2875 1283 2925 et
1303 2878 1437 2947 propter
1463 2888 1587 2931 ruerunt

271 2958 536 3025 connsuetudinem
565 2955 748 3039 diligebant.
789 2955 955 3019 Philonem
986 2956 1085 3039 igitur
1119 2956 1235 3021 Cicero
1264 2957 1320 3025 lib.
1348 2960 1377 3023 I.
1397 2982 1467 3041 cap.
1494 2962 1524 3025 2.
1548 2964 1587 3025 de

271 3058 393 3119 Natura
422 3055 525 3117 Deor.
542 3050 697 3114 intereos
721 3048 933 3129 philosophos
962 3061 1122 3125 numerat,
1147 3074 1164 3113 a
1188 3050 1303 3135 quibus
1329 3052 1488 3116 institutus
1508 3054 1587 3129 tntu

272 3154 310 3211 de
332 3150 442 3211 codem
464 3146 494 3209 in
518 3144 653 3207 larcnllo
671 3164 742 3224 cap.
761 3142 792 3205 b.
835 3146 908 3206 lom
936 3144 1147 3207 Clitoruocho
1178 3146 1273 3207 Philo
1304 3156 1417 3211 noster
1447 3168 1589 3217 orrcrnrn

271 3246 397 3309 multos
432 3260 537 3303 curros
572 3236 670 3301 dedit.
712 3236 849 3299 Philone
877 3240 991 3295 nutem
1023 3236 1094 3297 eino
1124 3237 1356 3315 patrocinium
1384 3234 1588 3301 Academiae

271 3355 337 3397 non
373 3330 492 3409 defuit.
548 3328 714 3391 Phaedrus
743 3345 871 3406 qtioqnc
894 3322 1063 3399 Ciceroni,
1099 3348 1169 3389 etun
1193 3348 1272 3407 puer
1291 3339 1393 3405 esset,
1420 3340 1587 3413 antequam

272 3426 440 3489 Philonem
461 3420 683 3503 cognovisset,
718 3418 811 3479 valde
836 3428 868 3477 ut
893 3416 1105 3499 philosophus
1136 3422 1289 3501 probatus
1317 3422 1394 3497 luit,
1432 3421 1527 3503 epist.
1558 3426 1589 3487 t.

275 3521 330 3583 lib.
348 3518 451 3581 Xlll.
466 3517 504 3577 ad
520 3513 633 3578 Fanril.
652 3514 776 3577 Merito
793 3508 891 3595 igitur
912 3508 970 3573 lib.
997 3516 1022 3575 t.
1043 3534 1114 3595 cap.
1133 3514 1166 3577 3.
1187 3516 1225 3576 de
1248 3516 1367 3577 Natura
1384 3514 1427 3577 D.
1441 3516 1587 3598 scripsit,

272 3636 336 3677 nou
357 3610 544 3674 mediocrem
571 3630 605 3670 sc
626 3606 766 3689 aprime
789 3616 932 3685 tempore
952 3604 1065 3669 aetatis
1088 3606 1117 3668 in
1143 3606 1363 3691 philosophiae
1383 3610 1487 3673 studio
1510 3632 1590 3693 ope·

271 3730 339 3770 rain
361 3725 531 3785 curamque
548 3700 796 3781 consumpsisse:
821 3698 851 3759 in
874 3720 940 3781 epm
961 3698 1023 3761 buc
1041 3698 1130 3763 etiam
1151 3702 1407 3764 commorabatur
1424 3704 1585 3779 attentius,

273 3802 358 3883 quod
381 3798 503 3861 sublata
521 3795 580 3858 iam
608 3815 674 3857 esse
694 3794 723 3855 iu
751 3804 934 3874 perpetuum
959 3792 1039 3856 ratio
1061 3792 1247 3857 indiciorum
1272 3794 1456 3869 ridebatur;
1490 3796 1589 3860 nteit

271 3893 303 3955 in
327 3894 429 3957 Bruto
453 3912 523 3971 cap.
541 3892 593 3952 80.
638 3889 711 3949 Iloc
732 3887 821 3947 etiam
841 3907 941 3960 utino,
966 3899 999 3948 ut
1016 3888 1075 3948 ianr
1096 3888 1289 3963 rettulimus,
1315 3888 1357 3969 Q.
1376 3890 1503 3953 Mucius
1519 3892 1590 3953 Au-

274 4007 335 4067 gur
360 3982 462 4047 Laelii
492 3986 531 4045 de
561 3980 693 4043 amicitia
721 4000 898 4041 sermonem
922 3979 1062 4041 habitum
1090 3984 1129 4042 ab
1161 3981 1216 4044 illo
1242 3984 1349 4063 parmis
1378 3986 1486 4047 diebus
1513 3997 1589 4066 post

274 4089 407 4141 mortem
430 4076 596 4152 Africani,
627 4074 769 4156 Aquillio
799 4084 830 4135 ct
863 4073 1023 4135 'l'nditano
1049 4075 1247 4148 consulibus,
1281 4098 1364 4144 anno
1391 4078 1589 4145 DCXXIV.

275 4168 425 4233 Ciceroni
449 4170 609 4252 exposuit.
655 4172 789 4251 Airgure
816 4178 943 4229 mortuo
973 4165 1091 4229 Cicero
1113 4188 1147 4229 se
1170 4170 1210 4229 nd
1238 4169 1279 4247 Q.
1302 4174 1487 4235 Scaevolam
1509 4195 1590 4255 pon-

274 4264 390 4325 tiliccm
412 4264 567 4327 eontulit:
592 4263 642 4325 eui
657 4261 703 4323 rei
718 4260 861 4340 publicae
883 4272 913 4322 ct
931 4272 1055 4323 senatus
1078 4262 1212 4345 prrittcipi
1235 4288 1304 4327 crnu
1328 4288 1456 4347 operam
1480 4271 1588 4344 daret,

275 4354 396 4441 peritus
415 4356 492 4419 iuris
514 4356 632 4430 evasit,
655 4367 688 4416 ut
704 4354 894 4416 Plutarchus
910 4375 980 4437 cap.
997 4356 1027 4417 3.
1048 4356 1171 4418 scribit.
1223 4360 1314 4423 Unde
1334 4360 1460 4423 Atticus
1481 4362 1535 4425 lit).
1558 4363 1588 4426 Ι.

278 4472 347 4531 cap.
370 4450 401 4513 I.
423 4452 461 4512 de
484 4454 590 4533 Legg.
610 4449 748 4512 'l'ullimn
771 4446 818 4507 his
840 4448 946 4508 verbis
973 4448 1102 4510 allator:
1132 4448 1225 4514 Nom
1249 4474 1272 4515 c
1294 4456 1405 4535 primo
1439 4465 1589 4535 tempore

274 4544 397 4606 aetatis
426 4544 496 4605 iuri
515 4543 645 4607 studere
666 4553 698 4605 te
720 4542 872 4615 memini,
896 4544 1068 4621 cumipse
1096 4544 1269 4605 etiamad
1291 4545 1495 4607 Scaevolam
1518 4566 1591 4607 reu·

275 4638 429 4709 etenmm5
448 4654 554 4715 neque
571 4654 719 4715 aaronem
741 4632 824 4723 rnr'hi
848 4633 935 4692 vr'sus
957 4651 991 4693 es
1012 4635 1105 4695 r'totc
1126 4632 1367 4695 addicendum
1387 4632 1529 4709 dedisse,
1552 4646 1590 4697 ut

276 4730 329 4789 ius
349 4724 449 4787 ciuile
467 4732 709 4801 coutenrnercs,·
729 4735 759 4785 ct
780 4724 895 4784 llrntus
921 4722 960 4782 de
980 4721 1075 4784 elaris
1097 4724 1230 4788 Orator.
1255 4744 1324 4803 cap.
1348 4726 1399 4787 110.
1434 4724 1486 4785 'Pu
1508 4726 1594 4787 rnr'hr’

277 4814 394 4881 er'elerr's
429 4822 563 4879 tontum
599 4815 682 4879 r'urr's
720 4819 829 4880 eier'lr‘s
863 4818 950 4880 seire
989 4816 1152 4897 voluisse,
1193 4826 1358 4900 qnantum
1391 4818 1473 4878 sutis
1508 4825 1590 4879 essct
