3218 5310
139 225 201 289 ror
242 184 249 191 ”
541 220 593 284 nr.
618 217 779 284 66666
803 215 1053 285 nicanorus

137 363 331 440 Lambinus,
363 361 458 431 vitam
488 361 553 425 eius
577 359 608 423 in
632 361 746 445 volgus
769 360 867 422 niam
889 371 1014 435 uotam,
1046 381 1063 422 a
1086 360 1188 424 Petro
1211 357 1357 427 Lazerio
1381 359 1453 425 scri·

137 472 222 542 ptam
244 456 425 541 appendicis
447 457 521 519 loco
543 455 616 518 huic
635 453 730 519 indici
746 453 948 517 aerbiccimus.

221 597 262 606 -
283 596 324 606 -
346 574 457 641 opera
500 551 581 621 Cum
597 555 868 619 annotationibus
883 554 1033 640 lilonysii
1048 553 1216 635 lambini,
1236 555 1302 617 viri
1322 551 1454 619 doctiss.

135 653 278 740 singulis
293 652 389 715 tomis
399 648 572 714 distinctis.
593 648 753 727 venetus,
770 664 815 711 ex
825 644 1033 712 Bibliotheca
1044 644 1170 711 Aldine
1189 639 1454 713 iate-1⁵70.

139 741 262 811 evm.
305 744 340 806 8.
413 788 419 801 .

221 832 326 898 Huius
348 843 493 906 curator,
519 829 734 910 Hieronymus
753 827 962 904 Taurisanus,
987 827 1135 891 Andreae
1154 824 1289 891 Asulani
1313 826 1456 905 (Renou-

138 928 216 990 ardo
239 925 314 991 Aldi
339 925 409 1003 avi)
431 945 547 1006 nepos,
578 923 740 995 Francisci
761 922 864 996 filius,
897 921 951 1006 qni
973 941 1008 984 se
1034 920 1138 985 Paulli
1164 919 1306 985 Manutii
1329 930 1454 1002 patrue·

138 1021 198 1084 lem
221 1019 306 1091 dicit,
331 1017 482 1083 Aldinum
504 1004 630 1102 quidem
654 1016 759 1079 Parrlli
779 1027 962 1079 contextum
985 1013 1137 1089 reddidit,
1161 1016 1217 1076 sed
1239 1013 1341 1077 vitatu
1364 1012 1454 1081 cior-

119 1113 225 1177 'ronis
245 1135 262 1175 6
279 1111 436 1175 Lambino
459 1108 669 1191 conscriptam
691 1110 852 1190 praemisit
874 1122 905 1172 et
927 1108 1039 1191 cuique
1062 1106 1216 1171 volrtmini
1229 1106 1385 1170 Lambini
1404 1128 1455 1170 an·

138 1206 315 1271 notationes
331 1205 454 1270 adiecit.
491 1206 645 1268 Servatur
667 1223 702 1265 ca
725 1203 757 1265 in
773 1201 926 1265 Biblioth.
943 1202 1071 1285 Bipoot.
1087 1200 1234 1265 Ducali.”
1258 1203 1453 1265 Breourmr.

138 1302 313 1365 Renorrard
334 1311 437 1362 tamen
462 1301 632 1377 (Annales
654 1298 713 1360 eles
734 1297 822 1360 Alde
847 1299 924 1361 Vol.
950 1298 982 1360 1.
1003 1318 1039 1379 p.
1064 1297 1137 1374 ts.)
1180 1295 1291 1377 Opera
1313 1297 1457 1379 philoso-

136 1396 198 1476 pha
221 1415 379 1478 utinquam
403 1414 472 1455 cum
496 1391 643 1466 vidisset,
673 1391 847 1465 dubitavit,
879 1411 949 1452 6666
973 1410 1108 1471 unquam
1131 1411 1147 1451 a
1172 1390 1355 1455 ’1616616666
1377 1390 1456 1455 edita

134 1488 216 1563 sint,
246 1500 320 1551 octo
348 1489 508 1551 dumtaxat
538 1485 713 1563 uolumina,
746 1485 876 1548 indicem
904 1503 1099 1547 communem
1129 1504 1192 1548 non
1223 1481 1374 1551 habentia
1405 1503 1455 1547 rc·

139 1601 281 1645 censens.

221 1673 293 1749 e*
315 1708 354 1717 —
378 1703 418 1715 -
440 1695 543 1761 opera
560 1695 580 1741 a
597 1677 687 1741 ioan.
704 1677 871 1749 Michaele
889 1677 994 1742 Bruto
1013 1675 1197 1742 emendata.
1227 1675 1457 1745 Accesserant

139 1774 259 1839 breves
277 1769 579 1836 animadversiones
596 1790 638 1834 ex
653 1769 913 1843 doctissimorum
925 1771 1088 1836 hominum
1103 1773 1365 1857 commentariis,
1386 1772 1457 1857 qui·

139 1870 200 1935 bus
222 1869 270 1931 itu
291 1867 356 1932 loci
381 1867 533 1950 permulti
554 1867 776 1951 explicantur,
805 1871 838 1928 ut
860 1866 963 1951 vulgo
985 1869 1142 1948 receptae
1162 1865 1319 1930 lectionis
1338 1866 1456 1951 ubique

138 1963 223 2027 ratio
244 1959 415 2026 habeatur.
455 1959 627 2048 Lugduni,
647 1959 736 2044 apud
759 1960 941 2024 Antonium
962 1950 1055 2039 (reon
1071 1953 1325 2039 Sebastianum,
1345 1963 1389 2023 ut
1406 1963 1456 2023 eat

139 2055 234 2138 opasd
257 2045 562 2138 antemnarum)
586 2053 769 2141 Gryphium
796 2048 1073 2118 sato-1571.
1115 2045 1234 2117 evoe
1259 2041 1455 2132 16.[66616

138 2166 252 2214 meana
273 2145 484 2232 exemptum:
505 2147 642 2234 6668,
663 2153 704 2211 61
723 2151 777 2212 ert
798 2147 893 2231 opud
912 2135 1204 2230 Schroetyerum.)

223 2236 359 2306 Brutus,
386 2233 433 2295 vir
455 2233 592 2315 eleganti
614 2256 689 2297 sanc
704 2234 820 2299 iudicio
840 2233 1018 2317 praeditus,
1042 2234 1072 2295 in
1090 2231 1249 2317 plerisque
1266 2232 1454 2297 Lambiumn

140 2327 292 2410 sequitur.
337 2328 374 2390 ln
395 2327 578 2391 Rhetoricis
597 2332 636 2391 nd
652 2329 864 2403 Herennium,
888 2328 920 2392 iu
940 2327 1027 2390 libris
1046 2330 1084 2390 de
1104 2326 1312 2405 Inventione,
1336 2328 1369 2392 in
1388 2330 1454 2393 To·

139 2420 237 2505 picis,
265 2419 298 2482 in
323 2419 516 2483 Academicis
541 2425 702 2503 perbonos
725 2420 830 2486 Codd.
856 2421 1059 2505 Gryphianus
1084 2419 1256 2485 consuluit.
1310 2421 1389 2488 ctr.
1416 2423 1453 2486 de

139 2525 208 2579 tota
231 2513 298 2577 eius
320 2512 444 2577 ratione
468 2513 564 2595 ipsius
586 2516 673 2596 Epp.
697 2517 808 2579 Berol.
833 2517 927 2581 1699.
951 2540 986 2599 p.
1009 2516 1082 2578 681.
1129 2586 1132 2590 ,

223 2608 389 2671 1161661166
409 2618 456 2669 661
479 2607 636 2671 hocloco
659 2609 753 2672 mirus
776 2632 870 2674 error
891 2611 932 2674 Ρ.
949 2609 1121 2673 Burmanni
1141 2607 1290 2684 secundi,
1314 2631 1382 2694 quo
1402 2611 1455 2685 de,

140 2701 221 2784 cepti
244 2712 317 2764 sunt
338 2701 430 2763 etiam
455 2701 631 2783 Bipontini.
677 2703 803 2768 Scilicet
825 2705 855 2767 in
874 2703 985 2767 Praei.
1010 2705 1050 2764 ad
1068 2702 1240 2766 Rhetorica
1263 2725 1298 2785 p.
1318 2704 1454 2769 16161.

139 2796 286 2859 Lindem.
315 2797 391 2857 haec
416 2795 563 2876 scripsit:
600 2796 818 2875 „Contentum
844 2798 971 2860 illorum
998 2794 1164 2860 Ciceronis
1188 2816 1344 2877 operum,
1379 2816 1453 2880 quas

139 2888 207 2971 ipse
228 2887 323 2952 edidit
345 2888 522 2961 Graevius,
546 2892 584 2952 ad
607 2891 797 2972 splendidam
821 2905 913 2975 atque
936 2889 1212 2952 emendatissimam
1233 2891 1326 2954 Petri
1342 2889 1454 2955 Varo·

140 2980 179 3048 rei
202 2983 386 3057 editionem,
410 3004 490 3064 quae
507 2982 689 3047 Florentiae
711 2989 792 3067 apud
817 2987 925 3050 luntas
947 3006 1029 3049 anno
1050 2986 1142 3048 1571.
1167 2983 1288 3064 prodiit
1310 2994 1345 3047 et
1364 2982 1453 3051 bodi·

141 3077 296 3140 rarissima
319 3087 413 3160 atque
433 3076 465 3138 in
486 3097 660 3157 paucorum
684 3079 823 3143 inauribus
844 3091 909 3156 est,
932 3077 1182 3143 conforrnasit.”
1224 3079 1270 3140 Ar
1290 3079 1357 3142 hoc
1376 3078 1453 3141 ualet

141 3172 303 3232 dumtaxat
324 3173 362 3232 de
385 3171 483 3233 altera
506 3169 692 3235 Victoriana
716 3175 802 3255 Epp.
825 3178 864 3237 ad
888 3174 1045 3248 Atticum,
1071 3172 1250 3236 Florentiae
1276 3175 1372 3236 1511.
1398 3173 1449 3236 8.=

142 3275 175 3325 ut
196 3264 319 3326 notavit
341 3264 400 3326 iam
423 3265 588 3328 Ernestius
611 3266 642 3328 in
667 3268 776 3331 Praei.
798 3291 831 3348 p.
854 3268 1026 3331 xxviii.

222 3373 304 3434 ε-
326 3381 429 3447 opera
453 3368 575 3450 omniu,
605 3384 689 3450 quae
715 3369 849 3430 exstant
872 3387 893 3432 a
914 3367 1074 3453 Dionysio
1096 3366 1255 3431 Lamblno
1276 3363 1451 3433 Monstro·

140 3455 236 3521 liensi
250 3474 293 3520 cx
309 3456 477 3521 codicibus
496 3463 725 3544 manuscriptis
743 3459 916 3526 emendata
928 3465 962 3525 et
979 3465 1087 3526 aucta.
1121 3459 1278 3525 Eiusdem
1297 3459 1339 3526 l).
1354 3460 1452 3527 In·-

141 3550 208 3615 bini
226 3551 473 3637 annotationes,
495 3569 554 3615 seu
571 3551 831 3617 emendationum
846 3557 1009 3633 rationes,
1028 3554 1170 3644 singulis
1185 3556 1284 3619 tonis
1298 3552 1453 3621 distinete

141 3642 345 3730 Fragmenta
361 3681 404 3692 -
425 3683 466 3692 -
490 3647 598 3730 posita
618 3637 680 3724 (at
700 3653 738 3712 ta
760 3646 829 3711 did.
853 3639 990 3728 1566.)
1032 3647 1085 3713 Ex
1110 3650 1277 3732 postrema
1297 3647 1452 3738 recogni-

141 3740 241 3802 tione.
282 3737 437 3803 Lutetiae
459 3736 578 3820 Paris,
600 3741 692 3806 loen.
714 3745 906 3808 Benenatus
926 3738 1144 3805 167248.
1186 3734 1306 3805 svn.
1328 3741 1364 3805 8.

224 3823 297 3889 Cir.
322 3824 555 3889 Praelationcm
580 3850 677 3892 meam
702 3852 734 3910 p.
753 3831 798 3892 X.
841 3829 921 3894 Cum
944 3831 1032 3893 nimis
1057 3839 1267 3913 quaererentur
1291 3828 1351 3892 uiri
1368 3825 1451 3892 docti

142 3922 180 3982 de
208 3918 355 3982 Lambini
383 3920 557 3984 temeritate
587 3922 616 3985 in
647 3927 793 3986 mutando
823 3934 975 3987 contextu
1004 3924 1135 4008 volgato
1168 3922 1276 4001 (cuius
1306 3924 1449 4007 querelae

142 4012 309 4097 vestigium
332 4013 491 4095 reperitur
514 4015 603 4077 etiam
627 4015 657 4079 in
680 4017 773 4080 Bruti
793 4016 906 4094 indice)
929 4017 1068 4093 exstitit,
1092 4016 1234 4101 quirem
1257 4016 1300 4080 ita
1322 4037 1451 4100 compo·

142 4117 247 4182 neret,
271 4120 306 4170 ut
326 4106 492 4189 pessimam
515 4108 666 4192 aliquam,
689 4111 874 4199 (Boulierii,
901 4111 944 4174 uti
965 4110 1110 4192 strapicor
1132 4133 1173 4175 ea
1190 4112 1353 4175 666661Ιί6
1366 4131 1451 4175 erro·

142 4199 230 4262 ribus
250 4199 509 4284 typographicis)
538 4203 752 4267 recensionem
781 4217 985 4287 sequeretur,
1017 4204 1109 4289 eique
1137 4205 1168 4269 in
1189 4205 1332 4290 margine
1354 4224 1452 4288 appo·

142 4295 272 4355 rendam
292 4305 417 4357 curaret
439 4295 552 4375 partim
571 4294 722 4361 Codicum
745 4298 897 4362 lectiones
915 4298 1028 4380 partim
1044 4298 1192 4363 Lambini
1206 4298 1449 4375 emendationem

142 4384 183 4445 ita
211 4395 330 4461 tamen,
362 4400 396 4449 ut
423 4386 557 4452 eCuris
586 4389 652 4453 eius
678 4391 822 4455 sectandis
848 4393 942 4454 rnrrlta
969 4394 1175 4468 adderentur,
1205 4392 1284 4466 alia,
1318 4412 1450 4477 quorun

23 4509 27 4517 ·
143 4477 245 4558 ipsum
266 4480 484 4559 poenituerat,
513 4483 638 4546 silentio
667 4486 1008 4565 praetermitterentur,
1039 4497 1232 4570 augerentur
1259 4485 1333 4549 item
1359 4488 1450 4550 Lan·

142 4570 207 4633 bini
228 4572 458 4637 annotationes.
504 4578 589 4639 'l'ota
618 4588 720 4639 aretem
748 4598 800 4640 res
826 4599 937 4659 parum
962 4579 1131 4665 diligenter
1156 4579 1371 4645 administrata
1392 4590 1449 4653 est,

142 4674 176 4725 ut
211 4664 352 4727 nonnulli
385 4667 599 4744 arbitrantur,
638 4691 654 4732 6
689 4673 849 4736 (16661666
882 4673 1058 4745 Lambino,
1095 4672 1243 4752 Dionysii
1279 4674 1365 4748 ulio,
1402 4670 1451 4754 qai

141 4756 216 4821 item
245 4757 405 4839 praelatus
431 4775 479 4825 est
501 4765 598 4845 patris
622 4765 757 4842 Plauto,
787 4768 951 4845 Lutetiae,
982 4769 1072 4850 apud·
1087 4767 1140 4831 Io.
1163 4767 1332 4833 1116666666
1359 4766 1450 4832 1616.
