3224 5310
697 224 940 295 HISTORIA.
1147 294 1152 303 ,
1417 240 1477 307 107

153 362 377 429 benevolentis
398 372 432 428 et
452 363 668 432 misericordia
690 366 826 451 meinati
848 390 917 433 eum
940 368 972 434 in
994 370 1060 438 alto
1082 394 1152 437 esse
1178 372 1349 455 dixissent,
1384 381 1483 447 clien-

156 470 217 523 tcm
241 455 372 537 Clodii,
396 458 542 524 acerrimi
562 458 677 526 inimici
699 460 878 539 Ciceronis,
902 464 1047 547 Popillio
1070 467 1223 546 Laenati,
1250 470 1379 538 tribuno
1402 475 1483 539 mili·

153 564 238 631 tem,
262 550 420 617 indicasse
440 552 543 631 riam,
568 577 627 640 qua
651 556 762 621 lectica
786 558 1034 641 deportabatur;
1063 580 1104 625 eo
1124 560 1213 629 illum
1235 564 1391 648 erupisse.
1435 570 1480 633 Et

153 668 226 711 eura
254 666 370 711 servos
398 646 498 735 longe
525 648 651 730 plures,
683 671 776 734 qoam
802 650 871 735 ipse
892 673 998 715 secum
1021 654 1181 729 babebat,
1211 658 1249 718 ad
1271 656 1482 723 dimicandum

152 750 286 825 paratam
306 738 452 819 ridbset,
476 740 587 807 callide
608 743 818 821 exclamasse,
843 744 1004 822 Tribuni,
1028 745 1145 830 quiin
1161 760 1321 815 extremo
1338 750 1479 835 agmins

151 844 251 911 sunt,
285 832 548 919 ingredientium
579 848 643 901 tuen
670 859 783 901 serres
813 839 966 904 maiorem
996 841 1223 907 multitudinem
1255 856 1480 929 exspectantes

149 924 345 1015 permeritos
365 926 479 997 teau.
522 927 662 1006 Cicero,
694 932 738 995 ait
759 934 906 998 Astlldius
928 936 1047 1002 Bassus
1069 938 1155 1019 apud
1176 938 1347 1015 Senecam,
1376 944 1477 1025 paul-

150 1022 224 1087 lum
243 1032 378 1085 remoto
397 1022 491 1099 uelo,
519 1037 707 1109 postquam
730 1038 886 1092 armatos
903 1028 1004 1093 uidit:
1024 1032 1105 1115 ogo
1123 1052 1204 1097 uero
1217 1032 1388 1112 consiste,
1410 1035 1481 1109 cita

151 1112 287 1191 accede,
308 1124 482 1193 ueterano,
504 1128 554 1195 et,
578 1119 611 1182 si
629 1122 693 1183 berc
713 1120 834 1185 saltem
852 1134 952 1205 potes
971 1136 1061 1188 reete
1069 1122 1220 1215 faeere,
1245 1126 1359 1193 incide
1372 1129 1480 1195 cerui·

150 1232 236 1275 cena
280 1206 458 1289 Trementi
477 1210 599 1275 deinde
620 1212 874 1299 dubitantiquea
905 1215 1016 1301 Quid,
1040 1217 1141 1282 eiad
1161 1240 1232 1295 me,
1255 1220 1384 1307 inquit,
1402 1222 1479 1307 pri·

151 1326 245 1369 masan
262 1300 466 1369 venissetis?
505 1304 668 1371 Brutidius
687 1306 789 1389 Niger
812 1310 895 1390 apud
917 1311 1069 1375 cundem:
1092 1314 1245 1395 illapsus
1266 1313 1407 1379 interim
1427 1318 1479 1379 ol·

150 1412 228 1463 tera
252 1407 354 1491 parte
378 1395 477 1463 uillae
506 1398 626 1466 Cicero
654 1402 771 1464 lectica
793 1424 858 1485 per
883 1424 992 1487 agros
1005 1401 1218 1494 ferebatur,·
1249 1408 1312 1471 sed
1334 1420 1374 1472 ut
1395 1408 1479 1473 uidit

151 1490 429 1577 appropinquare
449 1506 569 1559 notum
594 1494 660 1559 sibi
686 1495 826 1560 militem
856 1495 1041 1581 Popillium
1075 1496 1228 1575 nomine,
1262 1521 1395 1567 memor
1421 1504 1480 1567 de·

139 1586 293 1679 sensum
314 1614 339 1657 a
358 1614 414 1669 se,
447 1588 591 1654 laetiore
611 1591 708 1653 uultu
727 1590 879 1674 aspexit.
924 1594 973 1656 Ae
990 1592 1065 1669 ille,
1095 1591 1281 1657 victoribus
1302 1594 1341 1657 id
1363 1594 1478 1680 ipsum

149 1682 404 1767 imperaturus,
426 1694 569 1767 occupat
579 1680 732 1773 facinus
752 1697 920 1769 caputque
939 1684 1091 1749 decisum
1108 1685 1195 1749 nibil
1208 1686 1246 1749 iu
1264 1688 1386 1753 ultimo
1393 1690 1475 1768 sene

150 1776 237 1841 ritae
245 1776 441 1869 sarientis,
464 1776 558 1864 quod
577 1780 782 1843 alterutram
803 1780 840 1840 t'n
859 1790 995 1861 partem
1014 1791 1134 1861 posset
1154 1780 1290 1857 uetari,
1322 1785 1476 1849 Antonio

144 1882 285 1953 portat,
309 1872 434 1939 oblitus
453 1893 489 1935 se
507 1872 627 1953 paullo
647 1884 727 1935 ente
745 1870 930 1963 defensum
945 1872 989 1935 ab
1006 1870 1079 1935 illo.
1116 1873 1349 1953 Prominenti,
1374 1876 1476 1963 inquit

147 1963 281 2042 Livius,
322 1988 370 2032 ear
396 1965 517 2029 lectica
542 1964 787 2049 praebentique
814 1964 993 2029 immotam
1021 1966 1186 2029 ceruicem
1214 1980 1318 2051 eaput
1341 1972 1477 2053 praeci·

146 2080 222 2121 sum
244 2070 316 2121 este
343 2080 405 2123 nee
424 2056 509 2121 satis
526 2057 671 2122 stolidae
690 2060 888 2123 crudelitati
910 2058 1057 2123 militum
1065 2058 1171 2150 fuit,·
1192 2080 1474 2150 monstranteque,

146 2146 329 2235 scripsisse
349 2152 483 2237 aliquid
500 2150 536 2215 in
553 2152 743 2216 Antonium
764 2154 1034 2236 exprobrantes,
1054 2154 1312 2237 praeciderunt.
1342 2158 1475 2222 Plutar-

144 2246 245 2309 cltusa
275 2244 396 2311 Cicero
421 2257 577 2323 mentum,
608 2246 706 2311 itaut
732 2259 962 2327 consueverat,
990 2260 1144 2331 tangens,
1174 2248 1205 2311 in
1226 2252 1475 2331 percussoribus
1546 2264 1550 2271 “

144 2340 259 2403 oculos
281 2352 468 2405 constanter
489 2340 558 2403 lixit
579 2339 738 2426 sqstaloris
759 2342 870 2424 plenus
893 2354 925 2405 et
946 2340 1063 2424 capillo
1086 2340 1223 2407 demisso
1243 2344 1405 2431 macieque
1428 2347 1472 2411 ob

143 2431 374 2498 sollicitudines
395 2434 579 2509 conlectus,
603 2455 702 2519 stoque
717 2456 777 2511 eo,
802 2448 836 2499 ut
853 2435 1001 2519 plurimi,
1026 2434 1192 2499 Herennio
1208 2456 1279 2499 eum
1295 2436 1469 2523 iugulantc,
1557 2508 1563 2525 ¹

142 2523 248 2609 capita
264 2529 478 2593 obnuberent.
515 2528 652 2595 Occisus
674 2541 722 2592 est
744 2530 901 2611 praebens
923 2528 1081 2593 ees-ricem
1103 2541 1195 2593 extra
1218 2531 1378 2607 lecticasu;
1402 2556 1472 2597 cum

142 2640 258 2683 annum
279 2620 342 2685 iam
356 2621 488 2685 LXIV.
512 2633 635 2705 egeret.
668 2621 830 2687 Praecidit
850 2622 896 2689 illi
917 2623 1004 2687 iussu
1019 2622 1154 2687 Antonii
1176 2636 1273 2708 eaput
1294 2636 1326 2689 et
1349 2648 1469 2703 suanias,

142 2714 260 2799 quibus
281 2715 478 2799 Philippicas
499 2716 683 2799 scripserat.
730 2716 847 2791 Vixit,
873 2716 916 2779 ait
935 2716 1066 2793 Livius,
1090 2728 1162 2781 tres
1183 2729 1218 2780 et
1239 2720 1317 2783 LX.
1339 2738 1471 2783 annos.-

141 2820 197 2885 ut,
220 2808 254 2873 si
274 2810 328 2875 tria
347 2808 541 2898 abfuisset,
565 2834 606 2873 ne
628 2812 816 2874 immatura
835 2810 972 2895 quidem
994 2831 1088 2875 more
1109 2810 1221 2873 uideri
1237 2811 1363 2893 possit.
1402 2813 1469 2876 Eu·

141 2904 271 2967 sebius:
308 2902 428 2970 Cicero
457 2905 488 2969 ia
517 2905 692 2971 Formiano
720 2925 780 2968 suo
809 2906 848 2967 ab
879 2904 1045 2967 Herennio
1075 2916 1107 2967 et
1135 2902 1278 2985 Popillio
1309 2904 1469 2971 occiditur

141 2996 278 3062 Lxlv.
298 2998 408 3062 aetatis
429 3019 505 3061 suae
525 3019 622 3063 anno.
665 2998 873 3081 Appiaous¹2
898 2996 1017 3061 Occiso
1038 2994 1197 3060 Cicerone
1221 2996 1345 3080 quidam
1368 2999 1471 3085 equis,

142 3088 195 3154 alii
217 3090 354 3176 navigiis
375 3092 512 3157 incitatis
533 3096 750 3176 properabant
765 3091 908 3155 Antonio
931 3092 1013 3153 bisne
1029 3090 1169 3153 sumtiuns
1188 3089 1353 3175 perlcrre;
1376 3094 1469 3179 eique

142 3182 175 3247 isa
199 3182 279 3249 Iera
306 3186 427 3249 sedenti
455 3188 579 3250 Laenas
607 3198 701 3268 caput
737 3199 767 3251 et
801 3208 923 3250 uranum
960 3184 1079 3249 eminus
1113 3184 1261 3248 ostendit.
1313 3185 1388 3266 Qtto
1416 3186 1471 3250 ille

143 3277 281 3341 maxime
313 3278 444 3343 laetatus
478 3281 637 3344 tribunum
673 3280 802 3344 militum
837 3279 1006 3345 coronavit
1038 3290 1070 3341 et
1098 3280 1172 3343 HS.
1202 3278 1308 3343 decies
1339 3292 1471 3344 centena

141 3370 276 3435 miliaci
292 3393 355 3455 pro
370 3374 507 3438 maximo
521 3372 664 3459 praemla
682 3374 784 3449 dedit,
803 3377 890 3458 qssod
903 3395 1056 3437 susnmum
1075 3384 1106 3436 et
1119 3369 1361 3437 infensissimum
1377 3395 1469 3437 suum

139 3463 301 3530 inimicum
324 3462 503 3533 occidisset.
544 3468 756 3532 Plutarchus:
780 3466 861 3534 Cum
885 3470 1025 3531 membra
1049 3463 1216 3530 Ciceronis
1237 3468 1372 3531 Romam
1394 3489 1470 3551 per·

141 3558 205 3621 lata
227 3574 352 3637 essent,
384 3560 564 3638 Antonius,
595 3561 650 3647 qtsi
672 3574 737 3625 tuot
758 3562 845 3626 lorte
868 3560 995 3625 comitia
1016 3561 1173 3635 habebat,
1201 3558 1238 3623 iis
1260 3560 1338 3624 visis
1360 3564 1467 3625 excla-

140 3652 258 3718 tttarita
288 3656 566 3739 Proscriptiooem
588 3656 649 3719 iant
670 3668 833 3738 peractam
855 3676 950 3719 esse:
979 3665 1075 3737 caput
1096 3665 1198 3717 atatem
1221 3665 1252 3717 et
1274 3675 1384 3719 mantas
1406 3676 1468 3738 pro

140 3746 274 3811 Rostris
293 3749 372 3832 poni
392 3748 499 3825 iussit,
532 3751 745 3833 spectaculum
767 3750 960 3813 horrendum
982 3746 1151 3825 Romanis,
1188 3746 1243 3832 qtsi
1263 3770 1299 3811 se
1320 3769 1386 3813 uon
1410 3748 1466 3814 Ci-

141 3840 274 3905 ceronis
299 3841 437 3918 voltum,
472 3844 530 3905 sed
557 3842 723 3926 imaginem
755 3841 849 3907 animi
877 3842 1012 3908 Antonii
1042 3843 1149 3907 ridere
1180 3844 1349 3925 putabant.
1400 3845 1466 3909 Dio

140 3936 200 4001 tia.
222 3935 379 4000 XLVII.
401 3937 456 4001 8.:
481 3936 545 4001 Ubi
567 3937 736 4002 Ciceronis
758 3949 853 4021 caput
871 3937 1002 4001 allatum
1023 3935 1099 4011 luit,
1127 3935 1288 4000 Antonius
1310 3936 1413 4000 multis
1435 3948 1469 4001 et

141 4028 297 4115 medeas
322 4029 452 4113 probris
480 4027 575 4094 illatis
610 4030 687 4093 illud
714 4050 777 4114 pro
807 4030 953 4108 Rostris,
989 4033 1063 4096 loeo
1085 4051 1163 4112 prae
1184 4029 1254 4092 aliis
1276 4030 1464 4113 conspicuo,

139 4125 218 4207 poni
240 4122 350 4201 iussit,
374 4134 427 4200 ut,
455 4124 538 4186 unde
559 4122 592 4187 in
615 4122 717 4206 ipsum
740 4127 838 4189 rerba
860 4123 980 4189 iaciens
1001 4124 1125 4188 astutus
1150 4125 1271 4199 isserat,
1305 4123 1351 4187 ibi
1372 4137 1469 4207 caput

140 4218 208 4283 eitts
228 4238 304 4281 cum
324 4238 419 4280 manu
440 4217 570 4293 dextra,
593 4238 674 4303 quae
688 4218 779 4281 simul
793 4217 937 4299 praecisa
951 4218 1073 4295 luerat,
1097 4216 1350 4297 conspiceretur.
1386 4219 1466 4282 Ful·

140 4312 190 4377 ria
213 4332 298 4375 sero
318 4323 431 4393 caput,
461 4322 627 4396 antequam
656 4312 853 4388 astlerretur,
883 4311 917 4375 in
940 4334 1050 4375 manus
1071 4313 1205 4392 sumpsit
1226 4321 1322 4393 atque
1344 4310 1464 4376 atroci-

176 4484 207 4547 i)
228 4476 285 4533 sed
304 4476 418 4533 modern
438 4476 583 4531 occidendi
604 4479 810 4529 accuratissime
830 4474 912 4532 refert
933 4481 1073 4551 Appianas
1099 4480 1129 4529 in
1148 4473 1254 4541 serbis,
1281 4490 1350 4546 qaae
1368 4480 1464 4529 nescio

139 4570 189 4609 cns
208 4552 355 4609 debrietas
374 4556 509 4607 omiseris.
547 4554 652 4606 Laenas
678 4552 711 4610 ἐκ
734 4555 789 4611 rosi
812 4552 938 4626 popedon
960 4548 1016 4625 τὴν
1037 4547 1175 4625 κεφαλὴν
1197 4550 1370 4615 ἐπισπάσας
1386 4548 1465 4609 ἀπέ-

139 4648 264 4708 τεμνεν,
284 4628 315 4693 ἐς
333 4624 399 4705 τρὶς
419 4626 610 4701 ἐπιπλήσσων
628 4622 683 4685 uui
698 4622 911 4701 s'nuirunplieor
930 4621 989 4683 ὑπὸ
1000 4624 1147 4701 ἀπειρίας.
1180 4624 1214 4681 Ῑιι
1233 4641 1394 4697 percussore
1413 4628 1465 4697 tgt-

138 4706 416 4855 :peazapzffirnepss
435 4702 600 4835 tigmine,
618 4706 665 4776 qul
684 4701 758 4758 clare
771 4702 941 4756 ttssssntsns
960 4703 1076 4769 statuit,
1093 4717 1156 4754 coen
1177 4704 1319 4775 Appiano,
1338 4704 1386 4775 qai
1406 4716 1464 4753 rna·
