3218 5310
693 242 931 311 HISTORIA.
1356 192 1360 199 1
1421 249 1462 313 68
1574 186 1578 193 ¹

133 381 283 449 rentibus
306 382 358 446 Μ.
384 380 523 447 Tullium
545 381 742 469 comiterque
763 383 991 466 excipientibus
1015 397 1046 450 et
1068 386 1358 474 prosequentibus,
1382 388 1463 454 Plu·

134 478 269 543 tarehus
297 498 428 561 quoqne
455 475 580 543 scribit,
628 477 763 544 Clodius
792 491 959 562 praeterea
991 481 1081 546 villas
1104 480 1270 547 Ciceronis
1297 480 1389 547 eiecti
1413 482 1464 547 in·

133 571 311 637 flammavit
335 581 370 635 et
393 573 520 643 domum
543 571 575 635 ia
600 573 727 639 Palatio
747 573 887 640 incendit
908 586 1003 658 atque
1024 575 1056 639 in
1077 597 1150 641 area
1172 576 1323 658 templum
1343 576 1465 643 Liber·

133 666 209 733 tatis
237 665 414 733 exstruxit:
444 666 654 745 Plutarchus,
685 667 752 734 Dio
780 680 813 731 et
833 667 951 735 Cicero
981 690 1042 751 pro
1062 671 1159 735 domo
1186 691 1260 753 cap.
1284 673 1339 735 11.
1367 684 1462 757 seqq.

134 762 231 855 Bpna
256 759 489 843 diripiebantur
516 772 611 844 atquc
634 765 674 825 ad
691 762 840 828 consules
861 762 1108 827 deferebanturr
1137 763 1310 828 columnae·
1323 785 1464 829 marmo-

131 876 212 923 reae
233 876 278 919 ex
299 852 430 919 aedibus
452 856 491 916 ad
512 876 639 919 socrum
662 854 790 920 Pisonis
812 857 1047 938 portabanturs
1070 856 1099 921 in
1123 856 1255 925 fundum
1276 869 1381 925 autem
1397 863 1464 927 Ga·
1590 894 1595 911 ι

131 949 212 1015 binii
231 947 330 1015 ricini
347 948 487 1017 consulis
502 968 566 1012 non
582 950 679 1021 modo
697 949 936 1023 instrumentum
957 963 1011 1015 aut
1029 962 1215 1017 ornaments
1229 952 1323 1017 villae
1339 956 1464 1019 Tuscu·

130 1044 238 1121 lanae,
253 1043 419 1109 sedetiam
435 1038 569 1107 arbores
582 1042 869 1108 transferebantur.
891 1046 984 1108 Haec
994 1043 1113 1110 Cicero
1127 1066 1190 1127 pro
1205 1047 1303 1112 domo
1314 1068 1386 1130 cap.
1396 1049 1463 1125 71..

131 1148 211 1224 post
222 1138 360 1203 reditum
374 1136 407 1202 in
422 1148 534 1203 senatu
547 1159 621 1220 cap.
638 1141 683 1213 7.,
698 1158 759 1221 pro
776 1137 882 1202 Sestio
897 1158 970 1222 cap.
986 1139 1040 1201 il.
1056 1149 1089 1201 et
1109 1137 1141 1201 in
1158 1138 1309 1204 Pisonem
1324 1162 1397 1224 cap.
1407 1145 1463 1209 11.

133 1233 306 1317 'Iearplnm
326 1231 522 1306 Libertatis,
545 1228 624 1298 ναὸν
641 1228 871 1318 Ἐλευθερίας,
894 1232 1014 1297 Cicero
1026 1217 1111 1296 libr.
1127 1233 1177 1298 ll.
1198 1256 1272 1318 cap.
1289 1237 1342 1299 17.
1362 1238 1402 1301 de
1418 1237 1465 1302 le·

133 1326 230 1412 gom
251 1326 404 1409 templum
425 1325 592 1391 Licentiae
614 1335 723 1391 vocat.
767 1327 899 1391 Pulsum
923 1328 976 1391 Μ.
1000 1326 1141 1392 Tullium
1168 1330 1302 1411 pedibus
1322 1329 1383 1395 iter
1403 1352 1464 1413 per

133 1420 311 1487 Lucaniam
331 1418 470 1485 Siciliam
494 1441 607 1483 versus
626 1419 743 1484 iecisse
765 1420 958 1485 Plutarchus
980 1420 1102 1485 scribit.
1144 1422 1279 1487 Nasicae
1293 1425 1463 1489 Locridis¹

130 1514 198 1581 tuis
215 1516 281 1580 vl.
303 1515 382 1580 Idus
404 1512 546 1597 Aprilis,
577 1512 684 1599 ibique
711 1513 840 1596 scripsit
868 1513 1036 1598 epistolam
1060 1519 1228 1580 merendam
1251 1517 1310 1583 lih.
1332 1518 1400 1583 111.
1423 1521 1464 1584 ad

130 1610 207 1675 Att.
249 1607 331 1674 Inde
358 1605 477 1673 Cicero
507 1607 670 1675 Vibonem
700 1607 827 1685 venue,
859 1611 947 1695 quod
976 1621 1025 1673 est
1051 1609 1204 1693 oppidum
1231 1611 1393 1679 Lucaniae
1423 1615 1464 1677 ad

128 1703 250 1769 mm
272 1714 306 1769 et
326 1724 345 1767 a
366 1700 487 1769 Locris
509 1701 670 1767 conditum
693 1701 782 1784 prius
804 1701 1003 1786 Hipponium
1024 1704 1218 1785 appellatum
1234 1704 1311 1777 tuit,
1343 1707 1462 1771 Strabo

127 1798 193 1865 lih.
214 1799 303 1875 Vl„
333 1797 456 1863 Cacsar
482 1796 550 1863 111.
580 1797 619 1860 de
643 1795 731 1860 bello
758 1795 844 1859 ciuili
875 1817 948 1879 cap.
981 1794 1054 1859 1012
1106 1797 1174 1873 lbi,
1206 1809 1241 1861 ut
1269 1798 1464 1863 Plutarchus

128 1916 163 1959 e.
178 1894 237 1958 37.
259 1891 392 1968 scribit,
416 1888 534 1955 Vibius
554 1891 652 1955 homo
671 1889 835 1968 Siculus³‚
858 1890 912 1974 qui
933 1912 1005 1953 cum
1028 1889 1089 1953 alia
1112 1891 1207 1955 multa
1230 1894 1399 1959 commoda
1420 1915 1464 1957 ex

129 1986 305 2055 &monis
328 1984 464 2049 amicitia
484 1994 693 2067 perceperat,
725 1994 791 2047 term
817 2004 857 2048 eo
884 1985 1014 2048 consule
1040 1984 1223 2065 praelectus
1244 1985 1370 2051 labrum
1392 1987 1462 2051 fue·

128 2092 204 2158 rat,
224 2080 314 2145 illum
337 2079 482 2144 incedes
505 2078 632 2162 quidem
654 2097 718 2141 non
741 2076 878 2159 recepit,
909 2079 966 2143 sed
986 2077 1115 2141 fundum
1138 2098 1173 2142 sc
1195 2077 1257 2162 ipsi
1279 2080 1462 2166 adsignatur.

126 2171 425 2241 mdcnuntiauit.
470 2171 525 2236 Sic
539 2171 590 2236 illa
606 2170 775 2235 Plutarchi
789 2171 909 2248 verba,
928 2171 1048 2258 χωρίον
1067 2174 1102 2237 δὲ
1119 2167 1352 2264 καταγράφων
1366 2175 1463 2259 tany.

128 2258 283 2347 γίλλατα,
311 2278 375 2345 ego
403 2256 464 2321 iam
494 2256 615 2339 pridem
643 2266 887 2320 conuerterama
918 2276 989 2319 cum
1014 2256 1203 2338 praesertim
1228 2257 1304 2322 alibi
1329 2279 1462 2341 quoquc

129 2354 268 2421 verbnm
289 2345 518 2443 καταγράφειν
545 2369 608 2432 pro
630 2347 807 2413 attribuere
835 2360 868 2412 et
892 2347 1054 2433 assignare
1079 2361 1265 2433 usurpatum
1288 2363 1461 2433 notassem,

129 2462 169 2517 nt
184 2452 260 2537 napi
272 2447 511 2559 φιλαδελφίας·
533 2447 639 2531 irrpm
659 2445 712 2520 di,
734 2442 913 2509 παλλακίσι
928 2447 984 2509 καί
997 2437 1137 2531 πόρναις
1150 2440 1257 2524 αίκίας
1269 2452 1327 2511 καί
1339 2440 1463 2536 ἀγροὺς

130 2562 423 2631 aeroypoepovrsc,
455 2528 536 2623 ὑπὲρ
558 2531 731 2605 οίκοπίδου
751 2541 808 2602 καί
827 2537 947 2621 γωνίας
966 2533 1049 2621 πρὸς
1070 2533 1236 2627 ἀδελφοὺς
1258 2543 1463 2628 διαμονομα-

127 2636 240 2727 goffer.
281 2633 407 2701 Merito
434 2631 534 2719 igitur
561 2630 729 2712 X'ylandcr
756 2642 866 2695 noster
888 2649 905 2691 a
928 2629 1064 2696 Bocchii
1087 2643 1119 2696 et
1140 2631 1281 2698 Corradi
1301 2633 1392 2699 falsis
1413 2633 1462 2697 in-

128 2730 417 2816 terpretationibus
438 2726 594 2793 discessit.
631 2723 750 2790 Cicero
770 2746 805 2789 ae
826 2728 867 2789 ad
881 2725 1042 2791 Vibonem
1064 2724 1098 2789 iu
1118 2725 1219 2791 londo
1235 2726 1328 2792 Sicae
1347 2726 1459 2806 luisse,
1492 2770 1497 2786 .

131 2828 174 2892 ad
195 2826 339 2893 Atticum
360 2822 471 2889 scribit
493 2820 588 2904 epist.
611 2819 644 2893 2.
666 2830 699 2883 et
720 2821 754 2883 b.
776 2819 833 2882 lib.
851 2819 919 2885 Ill.
965 2820 1122 2898 Siciliam,
1146 2842 1239 2905 quam
1263 2820 1384 2888 Cicero
1405 2844 1463 2905 pe·

127 2922 239 2996 rehu,
261 2938 303 2983 eo
321 2930 466 3000 tempore
483 2914 647 2981 obtinebat
664 2911 706 2978 C.
723 2911 883 2996 Virgilius
897 2908 1014 2993 (Γάϊος
1033 2910 1206 3001 Οὐεργίνας
1220 2926 1270 2978 est
1287 2918 1371 2999 apud
1383 2915 1462 2982 Plu-

125 3014 334 3093 tarchnm⁴).
377 3013 518 3077 Praetor
535 3009 562 3072 is
578 3006 729 3075 Ciceroni
751 3006 896 3088 scripsit,
918 3029 959 3071 ne
978 3006 1010 3071 in
1025 3008 1163 3072 Siciliam
1181 3010 1318 3073 veniret.
1350 3010 1459 3091 Quare

127 3107 268 3175 consilio
287 3116 420 3189 repente
445 3113 567 3167 mutato
589 3101 704 3167 iterum
728 3123 746 3164 a
765 3102 896 3166 Vibone
919 3100 1121 3173 Brundisium
1142 3113 1230 3167 terra
1250 3113 1361 3185 petere
1382 3124 1461 3169 con·

126 3201 250 3277 tendits
282 3212 320 3264 ut
344 3199 414 3283 ipse
440 3219 502 3281 pro
524 3195 658 3263 Plancio
686 3217 760 3278 cap.
784 3198 983 3259 40.·uarrat.
1036 3194 1075 3259 lu
1098 3217 1138 3260 eo
1158 3195 1270 3261 itinere
1294 3198 1361 3265 111.
1384 3200 1461 3265 Idus

127 3295 242 3379 April.
266 3293 382 3360 Thurii
403 3291 531 3376 scripsit
552 3290 646 3372 epist.
669 3292 703 3353 5.
729 3290 806 3354 libr.
831 3290 897 3354 lll.
924 3292 963 3352 ad
984 3291 1056 3353 Au.
1084 3300 1115 3354 et
1132 3289 1235 3355 XIV.
1258 3291 1336 3356 Kal.
1355 3293 1461 3357 Maias

128 3387 266 3455 Tarenti
293 3397 497 3472 sequentemz
529 3388 706 3468 eodemque
734 3383 784 3446 die
807 3404 841 3446 se
868 3383 1070 3447 Brundisium
1097 3383 1238 3460 venisse,
1267 3386 1405 3469 epistola
1428 3392 1459 3452 7.

129 3481 271 3549 ciusdem
298 3480 373 3546 libri
398 3478 522 3545 scribit.
566 3479 688 3544 Urbem
716 3474 816 3558 ipsam
844 3475 1007 3561 ingressus
1028 3499 1093 3541 non
1116 3489 1183 3543 est:
1213 3482 1271 3543 scd
1293 3482 1325 3545 in
1344 3481 1460 3546 hortos

128 3576 184 3643 hl.
207 3575 324 3641 Laeuii
346 3573 456 3641 Flacci
473 3595 508 3638 se
531 3571 682 3646 contulit;
706 3590 768 3653 pro
789 3569 924 3637 Plancio
945 3591 1019 3655 cap.
1043 3573 1097 3637 11.
1141 3572 1289 3638 Meminit
1310 3573 1403 3639 etiam
1425 3572 1460 3637 in

129 3669 277 3737 Satisne
295 3690 368 3752 cap.
385 3669 438 3733 63.
462 3669 560 3750 Apud
577 3666 629 3731 bl.
644 3663 800 3728 Laenium
819 3662 885 3727 dies
900 3665 1002 3730 xllt.
1019 3665 1101 3742 luit3
1122 3665 1219 3749 epist.
1236 3669 1270 3731 1.
1282 3666 1340 3731 lib.
1355 3667 1458 3733 xlv.

129 3766 170 3829 ad
183 3763 319 3831 1³·an
349 3761 460 3828 Pridie
475 3762 551 3827 Kal.
569 3759 695 3835 Maias,
718 3781 790 3822 curn
806 3757 979 3823 Brundisio
996 3757 1205 3842 proficiscens
1221 3758 1459 3841 Dyrrhachium

131 3869 232 3925 reato
254 3859 396 3923 secundo
425 3855 653 3921 transmitteret
680 3865 775 3938 atque
805 3856 957 3933 adversus
982 3874 1024 3917 ex
1045 3852 1112 3918 alto
1133 3853 1293 3931 rellasset,
1321 3852 1459 3918 reiectus
1558 3902 1569 3929 ,

164 4052 197 4117 1)
217 4048 332 4103 incerta
350 4062 391 4101 eu
411 4046 512 4101 lectto:
533 4043 662 4101 Tonsisll
679 4044 773 4117 Epist.
794 4060 822 4117 p.
836 4043 883 4102 89.
911 4046 942 4093 tu
959 4041 1051 4093 Naris
1067 4042 1152 4099 Luco.
1190 4041 1261 4097 Alli:
1281 4046 1312 4094 r'n
1330 4047 1391 4097 orte
1404 4044 1460 4100 Lu.

128 4129 239 4179 msa«.
280 4121 423 4182 Febrirtns
441 4121 509 4181 lecr.
528 4128 593 4178 Asc.
613 4136 667 4174 see.
686 4134 714 4172 et
732 4118 809 4171 Crat.
828 4130 939 4170 secutos
958 4131 1017 4175 est.¹

165 4198 198 4275 2)
226 4195 285 4253 cta.
309 4196 447 4253 Toostalli
472 4197 524 4269 Ep.
551 4195 620 4251 ibid.
663 4188 730 4263 «Ad
756 4192 893 4248 Vibonem
925 4207 1067 4262 nonquam
1094 4195 1228 4264 peruenit.
1277 4194 1307 4244 A
1329 4196 1457 4266 Vticae,

128 4276 221 4349 sequte
233 4270 270 4326 sd
282 4271 373 4329 Attio.
388 4275 453 4338 ab.
463 4316 472 4342 ‚
494 4272 585 4325 subito
605 4271 805 4337 discessimus,
817 4274 836 4324 t.
849 4285 875 4321 e.
888 4281 904 4320 a
916 4268 1035 4321 conallie
1047 4266 1182 4320 Vibonem
1224 4266 1398 4328 roliclscendi
1421 4303 1458 4321 -

129 4350 178 4404 stt·
200 4368 268 4403 ιιι
281 4354 432 4421 peruenire
456 4366 513 4401 noa
531 4348 629 4401 urerer
646 4362 702 4401 eet.
723 4373 761 4388 -
783 4347 912 4400 Ceterum
939 4340 1009 4396 adde
1034 4340 1069 4395 de
1090 4341 1185 4397 Diris.
1226 4380 1236 4410 ,
1260 4350 1312 4412 28,
1329 4352 1377 4409 59,
1399 4366 1460 4404 ms.

129 4422 265 4481 murts
285 4422 355 4479 tllnd
374 4424 517 4480 Ciceronis
538 4428 693 4490 semotam,
716 4437 773 4493 qno
796 4418 890 4477 andito
912 4416 1049 4474 Salustius
1066 4415 1184 4472 libertus
1203 4418 1385 4497 arctamur,
1410 4444 1459 4479 re-

131 4500 221 4555 dituras
238 4505 267 4553 et
286 4501 402 4553 celerem
420 4507 449 4552 et
467 4500 624 4569 gloriosum
638 4505 786 4571 paratum.

165 4573 199 4651 5)
217 4573 347 4630 Eundem
366 4591 431 4629 cnm
450 4576 595 4630 Ciceronis
614 4573 679 4629 Sica
697 4570 783 4627 lnlsse
801 4582 897 4627 censet
915 4566 1085 4622 Tonstallns.

166 4656 201 4719 lt)
218 4648 312 4715 Tritos
330 4648 501 4727 Obspytiror
517 4654 622 4705 recites
642 4665 718 4704 nnnc
736 4646 843 4703 edtrnm
861 4656 903 4698 est
923 4638 996 4714 epod
1016 4639 1197 4700 Schaefernrn
1216 4663 1242 4706 c.
1262 4652 1308 4709 52.

168 4726 201 4802 5)
218 4726 263 4781 lte
283 4728 361 4780 omni
385 4728 469 4780 hctus
500 4722 582 4800 lapse
607 4728 716 4780 nitore
747 4720 843 4779 ooaier
867 4720 1015 4777 Garatontt
1041 4718 1183 4777 Esenrsns
1215 4722 1251 4778 ad
1278 4723 1457 4784 ebrum-n

137 4820 163 4877 p.
180 4806 246 4867 506.
262 4819 341 4876 seqq.
360 4800 414 4859 tte.
433 4814 521 4856 mese.
