3218 5310
139 268 179 336 86
556 268 608 336 Μ.
633 266 794 336 TULLII
818 266 1068 336 CICERONIS

138 412 222 478 Cato
252 410 371 497 (inquit
404 413 592 476 Plutarchus
624 412 655 476 in
687 411 845 477 Cicerone
875 434 947 495 cap.
979 412 1072 490 ee),
1109 407 1164 494 qui
1192 404 1301 493 copias
1329 428 1456 495 magnas

139 507 334 589 classemque
358 526 501 592 magnam
528 505 719 588 Dyrrhachii
743 508 894 580 habehat,
920 509 958 567 ad
984 506 1035 567 Μ.
1062 502 1220 578 ’1ἰιΙΙίιιιιι,
1249 502 1360 586 quiet
1384 503 1453 589 lege

137 613 168 663 et
190 602 341 687 dignitate
364 602 521 665 consulari
546 612 741 684 praestaret,
773 601 937 683 imperium
962 599 1135 662 deserebat.
1182 598 1279 679 Qtrod
1304 618 1377 660 curu
1404 596 1453 660 illc

139 708 302 756 recusaret
328 694 528 780 militiamque
548 696 802 779 subterfugeret,
826 693 960 776 propius
983 694 1098 756 lactum
1121 690 1282 767 estnihil,
1306 712 1403 777 quiam
1423 700 1455 754 ut

141 788 358 867 occideretur,
382 812 452 852 cmn
480 800 511 851 et
536 789 711 871 Pompeius
733 789 815 850 lilius
838 799 868 849 ct
892 786 980 848 aurici
1003 808 1071 848 curu
1095 784 1292 869 proditorem
1315 784 1456 867 appella·

137 896 209 944 rcut
227 883 414 969 gladiosque
434 884 641 963 stringerent.
689 885 752 946 Sed
778 883 860 947 Cato
881 880 1028 944 resistens
1054 878 1105 942 vix
1126 879 1212 940 illum
1231 879 1321 943 caedi
1343 876 1458 961 eripuit

138 987 170 1038 et
196 998 236 1037 ex
262 977 373 1039 castris
399 978 536 1040 reruovit
562 988 656 1060 atque
685 977 858 1061 ablegavit.
903 978 994 1038 Haec
1020 975 1223 1037 Plutarchus.
1269 972 1313 1053 Q.
1339 968 1456 1037 Cicero

138 1066 196 1131 lib.
220 1069 250 1131 Ι.
277 1092 349 1153 cap.
375 1070 428 1132 32.
456 1072 493 1132 dc
521 1069 663 1134 Divinat.
692 1072 807 1147 relert,
833 1069 1009 1133 Labienum
1038 1089 1078 1129 cx
1109 1064 1291 1131 Pharsalica
1320 1064 1399 1151 Iuga
1427 1054 1457 1129 in

138 1173 242 1225 castra
263 1162 385 1226 venisse
405 1164 628 1249 interitumque
651 1165 809 1229 exereitus
834 1163 1042 1237 uuutiat'isse,
1068 1172 1160 1245 atque
1180 1159 1220 1221 ita
1240 1158 1331 1243 ipsos
1353 1156 1456 1223 subito

135 1256 327 1338 perterritos
347 1270 429 1320 metu
453 1280 548 1321 uares
571 1260 802 1325 conscendisse.
846 1257 1025 1321 Victoriam
1049 1253 1144 1337 igitur
1165 1252 1316 1317 Caesaris
1340 1250 1456 1318 Cicero

138 1350 214 1412 belli
240 1352 331 1413 linem
364 1352 423 1414 sibi
452 1352 548 1415 lecit:
584 1375 641 1414 uec
668 1353 807 1433 putarit,
843 1376 912 1413 errm
943 1349 1057 1431 integri
1084 1369 1177 1431 pares
1209 1368 1272 1410 nora
1302 1346 1454 1435 luissent,

137 1442 258 1507 fractos
281 1446 464 1527 superiores
486 1448 574 1520 l'ore3
599 1447 691 1528 epist.
716 1448 747 1510 3.
771 1447 828 1510 lib.
850 1446 934 1510 Vll.
957 1447 996 1508 ad
1015 1444 1129 1506 Famil.
1171 1440 1236 1506 Dio
1259 1441 1316 1504 lib.
1339 1434 1455 1515 XLII,

140 1540 192 1598 10.
215 1538 324 1600 scribit
348 1538 537 1603 Ciceronem
561 1563 630 1602 cum
655 1542 812 1604 rreumrllis
837 1541 903 1603 aliis
926 1537 1126 1602 senatoribus
1149 1534 1300 1599 contiuuo
1322 1536 1457 1599 Romam

137 1631 304 1713 profectos
331 1654 418 1695 csse:
443 1635 511 1715 ipse
540 1634 633 1716 epist.
665 1638 696 1699 (a.
722 1637 778 1699 lib.
804 1638 869 1699 xl.
891 1638 929 1697 ad
957 1632 1057 1697 Attie.
1082 1632 1124 1694 ait
1145 1652 1177 1693 se
1198 1629 1230 1692 111
1256 1627 1382 1693 Italiam
1403 1648 1456 1693 re·

15 1724 20 1729 '
137 1725 220 1786 nisse
243 1747 305 1788 nou
328 1729 523 1791 arcessitum.
570 1730 739 1791 'l'ereutiar
759 1730 876 1805 uxori,
901 1750 980 1813 quac
1003 1727 1061 1810 ipsi
1081 1728 1118 1787 dc
1139 1727 1275 1787 adrcutu
1298 1720 1457 1809 gratulata

140 1829 224 1894 crat,
249 1819 349 1899 pridie
374 1822 461 1885 Non.
487 1824 665 1885 Novembr.
691 1822 864 1885 Brundisio
883 1820 1066 1903 rescripsit,
1091 1820 1184 1902 epist.
1203 1822 1255 1880 tt.
1282 1815 1340 1881 lib.
1358 1810 1458 1881 xlv.

140 1913 180 1970 ad
200 1912 314 1976 Famil.
339 1915 496 1978 Brundisii
520 1915 637 1979 Cicero
660 1916 712 1979 diu
734 1927 873 1979 moratus
896 1927 943 1978 est
966 1915 1132 1979 Caesarem
1157 1922 1364 1994 exspectans3
1387 1910 1457 2011 dtt'ttt

139 2002 165 2064 is
196 2018 271 2086 post
296 2009 451 2089 proelium
478 2010 697 2074 Pharsalicum
723 2011 752 2072 iu
781 2014 964 2094 Aegyptum
990 2009 1156 2091 proiectus
1179 2007 1294 2071 bellum
1319 2008 1460 2071 Alexan·

140 2095 262 2160 drinum
286 2102 382 2183 gessit
405 2115 436 2165 et
455 2104 650 2165 Pharnacem
674 2104 705 2165 in
730 2106 837 2167 Ponto
863 2102 1038 2187 superavit.
1085 2100 1285 2165 Brundisium
1307 2100 1382 2165 item
1405 2098 1457 2165 Μ.

142 2191 302 2257 Antonius
329 2209 402 2276 post
432 2197 596 2259 victoriam
624 2220 693 2259 etum
728 2198 907 2278 legionibus
945 2197 1030 2260 venit
1062 2209 1093 2258 et
1121 2194 1272 2259 Ciceroni
1297 2190 1460 2283 pepercitt

141 2289 227 2365 qttod
254 2288 437 2352 heuclieium
467 2291 586 2355 Cicero
620 2290 796 2372 Philippica
830 2294 962 2352 secunda
998 2312 1069 2371 cap.
1100 2291 1132 2352 3.
1159 2302 1189 2350 et
1216 2290 1269 2351 21.
1300 2286 1458 2371 agnoscit.

141 2377 275 2469 Scripsit
313 2395 377 2445 tum
412 2383 532 2448 Caesar
563 2389 601 2447 ad
637 2384 827 2458 Antonium,
867 2384 1082 2465 prohibendos
1114 2405 1222 2445 omues
1258 2381 1371 2457 Italia,
1402 2376 1458 2443 uisi

141 2492 276 2550 qriormu
309 2475 376 2558 ipse
402 2499 524 2539 causam
556 2479 774 2562 cognovisset.
828 2479 952 2557 Quare,
991 2500 1059 2540 cuur
1088 2478 1248 2541 Antonius
1272 2476 1458 2561 petiisseta

145 2563 300 2631 Cicerone
329 2592 387 2651 per
417 2573 557 2648 litteras,
592 2585 624 2634 ut
646 2571 704 2634 sibi
728 2572 926 2654 ignosceret;
959 2572 1066 2635 Iacere
1087 2594 1121 2634 se
1145 2593 1207 2635 nort
1235 2592 1349 2654 posse,
1385 2570 1458 2655 quain

141 2657 288 2723 Caesaris
316 2664 426 2727 litteris
451 2678 596 2746 pareret:
633 2665 712 2726 misit
744 2665 860 2728 Cicero
887 2669 1021 2729 adeum
1054 2669 1096 2728 L.
1132 2667 1291 2741 Lamiam,
1326 2662 1382 2748 qui
1405 2666 1459 2726 de·

136 2767 328 2819 uroustraret
357 2758 526 2823 Caesarem
553 2760 740 2824 Dolabellae
768 2759 903 2835 dixisse,
935 2771 968 2822 ut
995 2763 1033 2822 ad
1060 2757 1251 2824 Ciceronem
1282 2761 1457 2834 scriberet,

140 2850 227 2939 utin
249 2850 372 2913 ltaliam
392 2874 483 2937 ‹pram
504 2853 636 2935 primum
662 2852 794 2916 veniret.
841 2856 953 2937 ltaque
977 2853 1136 2917 Antonius
1156 2854 1255 2917 edixit
1271 2853 1334 2927 ita,
1360 2852 1459 2917 utM·

140 2941 281 3004 'l'ullium
305 2944 469 3027 exciperet
496 2945 692 3009 nominatim.
736 2944 811 3007 Hoc
832 2947 933 3009 XIV.
957 2946 1092 3010 Kalend.
1118 2948 1245 3010 Ianuar.
1275 2944 1397 3012 Cleero
1423 2944 1462 3007 ad

142 3037 282 3099 Atticum
309 3039 435 3122 scripsit
459 3041 551 3121 epist.
580 3044 610 3103 7.
640 3040 694 3101 lib.
721 3038 786 3103 XI.
833 3041 1005 3123 Affligebat
1031 3040 1220 3106 Ciceronem
1245 3042 1357 3102 codem
1383 3050 1460 3102 tern-

142 3151 222 3211 pore
250 3133 373 3195 'l'ulliac
403 3138 547 3207 ruorlms;
571 3134 658 3197 cuius
686 3134 823 3197 meminit
853 3135 946 3215 epist.
979 3137 1009 3197 ὑ.
1044 3135 1100 3196 lib.
1133 3120 1199 3197 xl'.
1226 3137 1265 3197 ad
1296 3136 1369 3199 Art.
1413 3132 1461 3196 De

143 3224 255 3283 eodeni
290 3225 399 3287 scribit
431 3231 469 3290 ad
497 3228 680 3291 'l'ercutiam
706 3228 801 3309 epist.
834 3230 865 3291 11.
899 3228 955 3290 lib.
986 3230 1087 3293 xlv.
1117 3232 1156 3291 ad
1182 3228 1298 3293 Famil·
1344 3226 1464 3295 Scribit

144 3314 236 3375 ctiam
260 3338 317 3397 per
346 3320 478 3402 Leptam
503 3333 535 3383 ct
557 3320 742 3383 'l'rebatium
769 3321 861 3404 epist.
887 3325 940 3384 tr.
967 3322 1103 3385 ciusdern
1129 3322 1211 3387 libri.
1257 3322 1346 3387 Vide
1368 3320 1463 3406 eplet·

144 3410 177 3470 8.
209 3410 266 3473 lib.
290 3412 353 3475 xl.
373 3420 412 3474 ad
431 3414 585 3478 Atticum.

453 3603 554 3666 Anno
579 3603 677 3666 Urbis
702 3606 855 3669 120th.
881 3605 1055 3668 Ciceronis
1078 3608 1154 3672 LX.

536 3718 576 3790 C.
606 3706 997 3811 tenlusctes‘att
1024 3720 1072 3793 Il.

673 3845 821 3908 dictator
830 3845 933 3937 seir,

637 3980 685 4053 Μ.
714 3980 970 4059 ANTONIUS

692 4130 786 4191 mag.
815 4111 919 4196 equit.

229 4244 321 4306 IIanc
350 4244 537 4309 dictaturam
568 4246 689 4311 Caesar
717 4261 807 4313 cntra
837 4252 958 4315 ltaliam
990 4251 1071 4328 iniit,
1107 4265 1237 4318 auctore
1266 4252 1375 4319 Dione
1407 4249 1466 4321 lib.

141 4334 262 4405 stat,
287 4338 339 4399 27·
379 4340 428 4404 De
444 4345 588 4406 Antonio
611 4344 763 4429 magistro
786 4345 924 4431 equitum
941 4346 1059 4413 Cicero
1073 4347 1218 4429 Philipp·
1235 4346 1283 4411 Π·
1301 4346 1464 4429 ⁰²1¹·2502

145 4429 315 4532 mecerin.
340 4446 378 4495 ut
400 4439 547 4501 Caesare
566 4436 713 4519 ignaro,
738 4453 923 4507 cremasset
945 4443 1001 4513 ille
1021 4440 1275 4515 Alexandriae,
1299 4440 1469 4519 danastrin

145 4542 336 4587 aratrorum
357 4529 430 4591 eius
451 4531 618 4613 magester
638 4535 790 4617 cerritum
811 4535 1088 4605 constitueretur.
1125 4535 1193 4597 111.
1210 4534 1299 4600 Non.
1319 4536 1392 4601 lan.
1414 4534 1466 4603 dit

147 4614 242 4675 natali
271 4637 330 4680 suo
359 4622 412 4683 Μ.
437 4626 562 4687 'l'ullius
592 4630 631 4689 ad
656 4632 728 4691 An.
759 4627 846 4691 dedit
873 4628 966 4709 epist.
990 4629 1108 4693 9.·111).
1129 4630 1193 4693 xl.
1222 4640 1255 4701 et
1281 4639 1467 4714 sequentem

150 4708 231 4771 XII.
246 4709 320 4773 lial.
334 4712 432 4778 Febr.
476 4719 575 4783 vltt.
596 4721 645 4783 ld.
665 4721 800 4784 Martias
823 4724 861 4783 ad
882 4723 1013 4784 eundem
1037 4721 1162 4804 scripsit
1183 4720 1277 4804 epist.
1292 4725 1345 4787 11.
1363 4734 1395 4787 et
1414 4722 1466 4788 te.

151 4802 273 4869 llouue
301 4805 356 4871 1110
387 4822 530 4895 tempore
560 4813 731 4886 seditiones
762 4838 778 4879 a
807 4818 848 4883 P.
871 4814 1026 4885 Cornelio
1055 4816 1225 4886 Dolabella
1252 4816 1329 4883 trib.
1358 4816 1407 4906 pl.
1436 4828 1469 4885 ct
