3218 5310
619 281 858 346 HISTORIA.

222 455 324 533 Anno
343 451 443 514 Urbis
461 453 650 515 DCLXXI.
671 452 844 515 Ciceronis
861 455 976 516 XXV.
993 473 1081 515 coss.
1090 452 1250 543 ficerunt

138 704 142 713 Ι
173 595 217 670 0.
245 595 436 671 uramus
465 594 506 667 u
535 596 599 690 u,
649 594 992 683 curarimus
1027 555 1191 673 causo
1226 601 1293 673 1u.
1359 703 1362 709 ι
1430 694 1445 725 ,

114 734 123 749 ⁸
156 752 283 815 Horma
300 749 462 831 consiilum
480 750 595 812 mentio
610 764 659 812 cst
672 754 753 833 apud
764 751 952 816 Ciceronem
970 767 1079 817 contra
1095 756 1223 819 Rullum
1237 768 1319 819 orat.
1330 758 1395 822 III.
1433 768 1436 777 ’

66 869 139 930 cap.
162 847 195 908 2.
241 845 316 908 Hoc
339 865 438 917 auno,
462 866 568 929 cuma
595 845 749 908 Marianis
769 848 855 911 Urbs
875 847 1040 908 etiamnum
1064 860 1240 922 teneretur,
1270 853 1309 912 L.
1328 852 1396 915 Da·

67 941 248 1022 masippus,
272 952 422 1022 praetor,
448 960 487 1000 cx
508 942 670 1001 voluntate
691 939 730 1003 C.
745 940 859 1012 Marii,
885 937 1047 1015 consulis,
1067 962 1137 1004 cum
1161 955 1302 1005 senatum
1322 965 1398 1007 cou-

66 1035 240 1107 traxisset,
270 1041 411 1107 onmem,
442 1055 523 1115 quac
552 1033 581 1094 in
603 1034 691 1096 Urbe
718 1046 805 1104 crat,
837 1033 1033 1095 nobilitatem
1065 1035 1254 1097 trucidavit:
1284 1037 1397 1099 Licius

67 1132 124 1194 lib.
137 1127 342 1193 LXXXVI.
388 1130 481 1190 'sirac
503 1128 687 1190 interiectus
707 1127 766 1190 Iuit
786 1126 827 1190 C.
848 1127 957 1190 Carbo
976 1129 1115 1190 consulis
1132 1129 1250 1203 frater,
1275 1133 1397 1215 dequo

71 1224 142 1290 Cic.
159 1220 256 1304 epist.
276 1221 328 1283 tt.
347 1221 403 1284 Iib.
423 1224 487 1286 IX.
506 1226 542 1283 ad
564 1222 677 1284 Famil.
724 1222 825 1285 Periit
844 1233 906 1282 tum
926 1243 1055 1305 qiioque
1071 1225 1113 1286 P.
1135 1224 1309 1299 Antistius,
1335 1225 1397 1288 Cu.

71 1314 222 1398 Pompeii
239 1335 343 1389 socer,
366 1317 403 1376 ilc
421 1338 485 1398 quo
499 1314 617 1378 Cicero
638 1316 666 1376 iu
682 1318 784 1378 Bruto
805 1338 873 1396 cap.
892 1317 959 1387 lib,
978 1327 1008 1376 ct
1022 1317 1063 1394 Q.
1077 1318 1233 1379 Scaevoia
1250 1317 1396 1399 pontifex

72 1410 247 1482 maxiacus,
278 1430 368 1491 quiem
390 1409 499 1470 invius
523 1409 576 1472 lib.
597 1411 794 1475 LXXXVI.
814 1408 924 1471 scribit
943 1409 972 1470 iu
994 1410 1150 1473 vestibulo
1175 1413 1257 1472 aedis
1279 1414 1398 1475 Vestae

71 1503 213 1571 occisum
226 1501 337 1564 fuisse.
364 1501 447 1564 Hinc
464 1501 534 1565 Cic.
553 1503 607 1563 lib.
627 1504 692 1566 III.
708 1525 778 1585 cap.
800 1504 852 1565 39.
872 1506 910 1565 dc
930 1504 1052 1565 Natura
1065 1506 1228 1568 Deorum:
1255 1510 1398 1587 Tempe·
1476 1497 1483 1503 ⁵

71 1599 208 1663 rantiae
228 1597 500 1680 prudentiaeque
522 1597 706 1677 specimen,
737 1611 817 1663 ante
843 1599 1064 1660 simulacrum
1086 1603 1210 1663 Vestae
1230 1597 1398 1685 pontifex

70 1716 167 1756 max.
193 1703 245 1753 est
269 1694 312 1773 Q.
340 1693 502 1753 Scaeuola
529 1691 746 1778 trucidatum
771 1692 908 1753 meminit
937 1692 1074 1753 ciusdem
1093 1692 1155 1754 lib.
1176 1693 1241 1756 III.
1270 1715 1340 1774 cap.
1361 1695 1394 1755 3.
1419 1721 1422 1726 ·

70 1791 108 1850 (11
130 1789 227 1852 Orat.
273 1787 414 1847 'faudem
440 1785 544 1857 Sulla,
578 1786 651 1847 suso
672 1784 831 1847 Carbonis
853 1785 1013 1859 exercitu,
1043 1785 1073 1847 in
1096 1787 1216 1850 Urbem
1237 1788 1320 1849 veuit
1343 1808 1399 1849 co·

71 1905 134 1965 que
155 1893 300 1962 tempore
326 1879 391 1940 eius
417 1880 557 1941 immanis
581 1878 748 1938 crudelitas
779 1877 808 1938 iu
841 1867 928 1939 cives
958 1878 1094 1952 exstitit,
1129 1881 1167 1940 de
1198 1901 1258 1961 qua
1282 1879 1399 1943 Cicero

70 1977 127 2039 lib.
149 1975 197 2037 II.
218 1994 291 2057 cap.
307 1974 339 2036 8.
362 1974 400 2034 de
419 1971 558 2045 Officiis,
584 1983 614 2032 et
635 1973 770 2034 Orosius
789 1970 841 2033 lib.
860 1972 904 2033 V.
922 1992 992 2051 cap.
1013 1971 1064 2034 ii.
1109 1974 1190 2033 Tum
1215 1971 1277 2036 Cu.
1300 1975 1402 2037 Pom·

69 2069 182 2153 peius,
211 2067 242 2130 in
262 2065 400 2132 Siciliam
433 2089 501 2127 cum
528 2065 661 2146 imperio
689 2088 703 2126 a
729 2077 838 2128 senatu
864 2064 995 2145 irrisus,
1031 2063 1214 2127 Carbonem
1237 2068 1399 2129 consulem

69 2175 196 2245 captum
228 2161 404 2234 interiecit,
437 2160 548 2222 Livius
576 2159 633 2221 lib.
664 2161 877 2229 LXXXIX..
908 2158 934 2220 P
972 2159 1098 2219 Iacchus
1126 2159 1155 2219 in
1180 2159 1338 2240 Pompeio
1367 2173 1398 2222 et

71 2258 142 2330 atii;
166 2260 205 2319 de
224 2272 287 2340 quo
301 2254 421 2320 Cicero
444 2254 537 2336 epist.
553 2255 605 2315 tt.
629 2256 684 2316 lib.
699 2255 761 2316 IX.
781 2256 819 2314 acl
833 2254 920 2317 Facu.
954 2256 1028 2316 Hoc
1048 2275 1145 2325 vero,
1171 2256 1229 2336 qui
1242 2255 1400 2339 Lilybaei

69 2377 92 2415 a
119 2351 286 2432 Pompeio
315 2363 435 2413 nostro
459 2360 509 2409 est
544 2346 768 2434 interfectus,
811 2346 1001 2428 improbior
1031 2369 1130 2410 nemo
1164 2371 1238 2410 ineo
1271 2349 1405 2412 iudicio.

59 2445 164 2537 fuit;
186 2456 284 2526 atquc
299 2442 342 2506 ita
362 2443 533 2524 Pompeius
552 2441 690 2502 Siciliam
709 2439 811 2502 irruitis
833 2441 969 2522 undiquc
989 2440 1121 2502 cinctam
1142 2440 1308 2522 periculis,
1335 2465 1400 2506 non
1475 2448 1485 2463 ⁸

71 2553 198 2603 terrore
222 2538 314 2610 belli,
346 2537 401 2597 sed
425 2533 585 2597 celeritate
610 2532 753 2605 consilii,
789 2534 977 2613 explicavit:
1013 2533 1130 2596 Cicero
1157 2535 1186 2596 in
1213 2535 1399 2610 Maniliana,

71 2656 140 2716 cap.
161 2637 215 2696 11.
260 2633 381 2693 Eodem
404 2640 548 2709 tempore
570 2631 609 2689 L.
626 2628 766 2689 Licinius
779 2628 932 2700 Murena,
958 2640 1048 2709 pater
1065 2629 1148 2702 eius,
1174 2650 1264 2710 quem
1281 2614 1400 2693 Ciciro

70 2728 231 2800 defendit,
256 2748 273 2785 a
293 2724 378 2786 Sulla
397 2745 466 2783 cum
487 2725 607 2783 duabus
628 2721 807 2802 legionibus
825 2721 854 2781 in
868 2724 944 2782 Asia
962 2721 1109 2795 relictus,
1132 2723 1248 2783 bellum
1264 2723 1401 2785 Mithri·

70 2822 205 2883 daticuua
232 2817 417 2882 renovarit:
452 2819 489 2877 ‹le
516 2839 580 2900 qtio
608 2816 773 2896 Appianus
799 2816 829 2877 iu
860 2815 1094 2877 Mithridatico.
1153 2818 1291 2878 Murena
1321 2837 1400 2880 vero

70 2914 291 2978 Mithridatem
319 2909 606 2973 veliementissime
636 2910 961 2992 vigilantissimeque
992 2920 1172 2981 beautron,
1206 2932 1401 2991 repressum

70 3028 200 3093 magna
221 3017 402 3086 exparte,
432 3025 500 3066 non
517 3026 721 3086 oppressum
737 3004 889 3087 reliquit,
917 3015 950 3064 ut
973 3001 1015 3064 ait
1033 3003 1150 3066 Cicero
1173 3025 1233 3084 pro
1260 3005 1399 3067 Murena

70 3124 141 3184 cap.
164 3102 217 3163 15.
244 3111 275 3161 et
300 3097 384 3159 addit
408 3119 479 3178 cap.
497 3099 529 3161 5.
556 3097 682 3174 filiurn
708 3098 781 3160 uiro
795 3095 1006 3186 fortissimo
1025 3098 1164 3178 parenti
1186 3119 1250 3159 suo
1274 3120 1400 3182 inagna

69 3197 271 3258 adiumento
289 3192 520 3272 inponentis,
546 3193 670 3254 solatio
691 3193 725 3253 in
745 3191 933 3265 laboribus,
957 3192 1188 3273 gratulationi
1205 3192 1240 3252 in
1258 3192 1402 3254 victoria

61 3287 197 3378 fuisse.
246 3283 412 3348 Lucullum
433 3298 535 3346 autem
556 3299 743 3368 quaestines
762 3285 941 3345 diuturnum
961 3298 1102 3364 tempus,
1128 3286 1264 3347 Murena
1283 3287 1399 3348 bellum

74 3385 103 3444 in
123 3383 233 3446 Ponto
254 3391 400 3464 gerente,
434 3379 464 3440 in
486 3379 681 3459 Asiae-pace
701 3377 931 3458 consumpsisse
957 3376 1037 3439 idem
1064 3377 1093 3440 in
1115 3378 1252 3440 Lucullo
1274 3401 1343 3459 cap.
1368 3383 1398 3439 1.

72 3475 196 3539 scribit.
233 3476 390 3537 Extremo
411 3475 472 3535 boc
490 3493 572 3534 auno
592 3474 676 3533 Sulla
698 3471 817 3542 effecit,
843 3472 882 3531 ab
899 3471 1058 3554 interrege
1079 3485 1110 3533 ut
1129 3473 1264 3535 dictator
1283 3475 1402 3534 dicere-

73 3580 143 3644 tur,
166 3570 207 3632 011
227 3567 345 3633 Cicero
370 3590 421 3650 cp.
442 3569 491 3628 Ib‘.
515 3569 569 3628 lib.
591 3568 652 3628 IX.
674 3568 710 3626 ad
734 3567 801 3626 Att.
844 3565 1017 3642 Quomodo
1037 3565 1070 3626 id
1089 3566 1246 3646 effecerit,
1270 3565 1420 3652 copiose·

73 3662 239 3746 Appianas
258 3675 289 3725 et
304 3664 494 3726 Plutarchus
514 3661 668 3724 scribunt.
713 3661 864 3723 interrex
882 3657 941 3719 luit
963 3659 1002 3718 L.
1019 3659 1169 3719 Valerius
1188 3659 1337 3728 Flaccus,
1362 3660 1400 3716 ‹le

71 3780 138 3844 quo
158 3757 230 3823 Cic.
250 3769 332 3820 orat.
352 3758 416 3819 III.
445 3778 516 3837 cap.
538 3757 569 3816 2.
596 3766 707 3816 contra
731 3751 878 3817 Rullum:
908 3751 1071 3814 Omnium
1093 3757 1208 3834 legum
1227 3749 1401 3832 iniquissi-

71 3874 163 3915 mam
188 3851 520 3932 dissimillimamque
545 3849 633 3929 legis
660 3869 733 3911 esse
761 3845 931 3908 arbitror.
947 3866 1040 3918 eane,
1073 3867 1175 3928 quam
1200 3848 1239 3904 L.
1263 3846 1401 3904 Flaccus

69 3951 228 4011 interrex
250 3946 291 4006 cie
310 3947 406 4007 Sulla
430 3943 524 4012 tulit,
556 3953 592 4002 ut
617 3941 748 4011 omnia,
778 3958 996 4021 quaecunque
1021 3939 1077 4000 ille
1091 3937 1257 4025 fecisset,
1289 3947 1402 3996 essent

70 4052 162 4104 rata.
205 4039 257 4103 De
276 4041 382 4101 eadem
405 4038 476 4118 Iege
501 4034 556 4096 lib.
578 4035 607 4095 1.
626 4054 697 4113 cap.
720 4033 774 4095 15.
799 4035 836 4092 dc
857 4031 1000 4112 legibus:
1025 4032 1146 4097 Nihilo
1165 4028 1267 4090 eredo
1287 4028 1402 4110 magis

68 4135 128 4198 itta
147 4133 244 4199 ἰωία
266 4145 332 4207 est,
361 4153 464 4215 quam
488 4131 646 4192 interrex
667 4138 784 4188 noster
806 4125 901 4196 tulit,
933 4135 970 4185 ut
991 4124 1155 4195 dictator,
1187 4142 1286 4204 quem
1305 4123 1403 4182 veliet

69 4221 210 4303 civium,
234 4228 365 4290 indicta
379 4246 502 4297 eausa,
527 4224 664 4303 impunc
679 4231 796 4302 posset
817 4219 983 4281 occidere.
1019 4220 1131 4301 Itaque
1149 4216 1236 4276 Sulla
1253 4217 1401 4289 dictator,

69 4323 123 4408 qni
139 4334 208 4387 tum
224 4323 292 4384 siue
311 4320 407 4382 dubio
426 4317 535 4379 habuit
551 4317 691 4398 regalem
710 4324 916 4392 potestatem,
944 4324 976 4372 ut
993 4321 1039 4369 est
1057 4310 1085 4369 in
1104 4319 1188 4371 aiat.
1204 4308 1243 4371 de
1257 4309 1398 4388 Harusp.

70 4438 155 4499 resp.
185 4415 359 4496 cap..25.‚
395 4431 521 4484 ornnes,
556 4429 638 4492 aiios
669 4410 797 4478 oderat,
834 4415 936 4466 morte
970 4403 1139 4462 uudtabat:
1175 4422 1236 4483 pro
1266 4402 1399 4486 Ligario

71 4533 138 4592 cap.
157 4513 190 4572 1.
238 4510 287 4572 De
309 4506 545 4590 proscripti0ne
566 4503 690 4564 Sullana
713 4498 848 4564 Orosius
870 4508 978 4557 noster
999 4516 1070 4574 cap.
1090 4497 1140 4556 tt.
1165 4496 1216 4557 lib.
1237 4496 1282 4557 V.
1329 4494 1401 4557 Etsi

72 4617 171 4667 autem
187 4603 275 4667 Sulla
294 4602 432 4665 dictator
451 4609 525 4681 post
543 4595 584 4661 C.
598 4595 738 4659 Marium
757 4605 786 4652 ct
803 4590 865 4654 Cn.
881 4588 1043 4668 Papirium
1063 4588 1139 4663 suit,
1167 4603 1198 4651 ut
1217 4587 1258 4650 ait
1279 4589 1397 4652 Cicero

73 4710 152 4763 orat.
172 4695 240 4761 III.
263 4716 335 4780 cap.
354 4692 387 4757 2.
412 4706 524 4756 eontra
545 4689 693 4760 Rullum,
719 4685 863 4748 consules
886 4693 985 4742 tamen
1007 4681 1281 4785 crearilpcrmisit.

559 4824 943 4842 W
