3218 5310
145 261 185 324 ιε
563 255 615 318 m.
640 196 803 318 runnu
826 250 1079 319 ctcenours

142 401 282 466 secundo
305 401 343 463 de
365 397 533 461 consulatu
554 398 775 477 pronuntiatos
797 408 1041 470 commemorat,
1070 408 1206 479 quorum
1228 404 1296 460 tres
1318 416 1361 460 ex
1382 394 1470 465 libris

143 496 324 561 consulatus
347 490 517 558 Ciceronis
538 490 725 554 Lactantius
748 489 875 553 adducit
896 490 953 552 lib.
970 488 1037 552 ΙΙΙ.
1060 510 1133 572 cap.
1152 491 1205 553 tr.
1241 489 1293 553 De
1314 493 1470 579 Progne·

143 590 250 665 sticis,
275 609 356 677 quae
371 588 511 660 Atticum
533 585 720 669 propediem
742 596 929 665 exspectare
952 584 1039 647 iubet
1059 583 1151 666 epist.
1167 585 1199 646 1.
1220 582 1279 648 lib.
1296 584 1368 662 IL,
1393 585 1469 673 quid

143 685 262 760 dicam,
286 704 350 745 non
371 683 503 745 ΙιιΙιοο.ι
546 678 645 745 Certe
667 700 749 763 quae
772 678 827 740 lib.
851 678 881 741 1.
905 699 977 760 cap.
1002 680 1053 742 11.
1076 680 1113 740 de
1136 676 1247 742 Dtvtn.
1269 698 1311 741 ex
1334 677 1471 745 Cicero·

144 779 192 843 nis
213 776 429 862 prognosticis
450 777 666 850 adducuntur,
699 777 817 836 Aratea
837 784 911 835 sunt
939 784 1034 855 atque
1056 772 1087 834 in
1114 773 1323 857 Λιοσημιίοις
1343 774 1470 840 Gracc

144 882 281 936 exstant.
334 868 518 933 Priscianus
545 888 673 950 utroque
702 866 759 929 lib.
790 869 838 930 X.
861 867 962 930 XVI.
992 879 1024 929 et
1044 866 1183 930 XVIII.
1217 865 1412 933 Ciceronem
1435 866 1471 933 in

143 963 380 1050 Prognosticis
401 961 489 1025 citat.
534 963 672 1035 Verum,
706 982 788 1045 qrros
818 961 944 1023 adducit
974 981 1104 1037 versus,
1135 982 1176 1024 ex
1197 964 1303 1027 Arato
1325 952 1471 1047 expiessi

143 1069 229 1123 stant.
273 1059 356 1143 Ppst
377 1058 453 1121 Idus
476 1057 614 1120 Martias
635 1053 727 1117 huius
751 1055 822 1119 anni
844 1054 963 1120 Cicero
986 1055 1180 1140 aliquamdiu
1200 1057 1269 1121 ruri
1288 1055 1366 1122 tuta.
1404 1056 1471 1123 Ilo·

144 1174 223 1217 mam
246 1163 347 1214 antem
375 1172 392 1214 e
415 1150 615 1232 Pompeiano
638 1170 671 1210 sc
693 1150 815 1232 recepit
844 1171 875 1212 a.
899 1151 931 1211 d.
961 1149 1026 1213 lv.
1057 1149 1108 1214 ld.
1138 1150 1267 1238 Maias,
1301 1150 1401 1235 epist.
1420 1150 1470 1217 2⁰.

142 1245 200 1311 lib.
223 1247 252 1311 1.
281 1249 320 1309 ad
342 1247 414 1311 Art.
459 1244 535 1311 Kal,
567 1244 640 1306 Iun.
663 1243 796 1307 Antium
825 1243 991 1325 proiectus
1020 1243 1101 1320 init,
1132 1265 1184 1326 ep.
1208 1248 1241 1308 1.
1270 1243 1329 1309 lib.
1352 1244 1405 1313 II.
1431 1246 1469 1309 ud

144 1343 217 1408 Au.
263 1342 338 1405 Hoc
359 1360 441 1402 auno
465 1339 507 1419 Q.
530 1338 685 1401 Metellus
709 1337 819 1417 Nepos
849 1349 981 1418 praetor
1011 1338 1156 1419 portoria
1181 1336 1290 1402 Italiae
1312 1339 1389 1424 lege
1410 1339 1468 1403 latu

143 1435 289 1513 sustulit,
319 1445 451 1498 arictore
479 1435 583 1499 Dione
605 1431 793 1496 XXXVII.
818 1432 871 1494 51.
922 1430 983 1495 De·
1001 1431 1154 1514 portoriis
1182 1431 1294 1496 ltaliae
1322 1432 1464 1511 sublatis,

145 1529 264 1596 Cicero
293 1529 386 1611 epist.
412 1529 463 1593 16.
492 1528 549 1592 lib.
573 1527 622 1591 ΙΙ.
653 1527 693 1587 ad
716 1527 787 1589 Au.
832 1528 899 1589 Sub
921 1525 1002 1588 idem
1025 1536 1167 1609 tempus,
1198 1537 1231 1588 nt
1254 1525 1321 1592 Dio
1343 1526 1466 1603 scribit,

143 1623 282 1687 Faustus
296 1623 404 1686 Sullae
420 1623 460 1685 F.
483 1621 515 1685 in
538 1623 692 1685 bonorem
714 1619 813 1702 patris
836 1641 948 1682 munus
970 1619 1192 1704 gladiatorium
1213 1631 1245 1683 et
1267 1612 1467 1706 magnificum

143 1716 270 1799 epulum
292 1717 414 1798 populo
437 1714 542 1779 dedit:
565 1713 695 1776 balneas
718 1712 811 1776 etiam
833 1734 903 1775 cum
926 1713 999 1777 oleo
1022 1712 1164 1797 gratuito
1185 1715 1345 1795 praebuit.
1393 1714 1468 1783 Hoc

66 1876 70 1883 ,
143 1832 256 1876 snunus
278 1812 430 1875 Faustum
458 1819 648 1872 testamento
675 1807 774 1890 patris
802 1806 948 1870 debuisse
970 1807 1088 1872 Cicero
1117 1828 1179 1890 pro
1201 1809 1290 1873 Sulla
1317 1831 1392 1895 cap.
1415 1804 1465 1875 11.

144 1905 200 1969 ait.
238 1906 313 1969 Hoc
328 1914 377 1967 est
392 1903 503 1967 Fausti
525 1901 734 1966 adolescentis
757 1899 942 1966 nobilissimi
966 1903 1092 1985 epulum
1114 1902 1488 1988 magnificentissimum,

144 2020 184 2062 cx
199 2020 265 2085 quo
280 1997 442 2064 Vatinium
464 1999 579 2062 tarnem
600 2017 687 2061 suam
711 1998 858 2079 explesse
874 1995 991 2062 Cicero
1006 1997 1037 2060 in
1052 1997 1305 2083 interrogatione
1327 2018 1405 2083 cap.
1417 1999 1466 2065 13.

144 2090 199 2157 ait.
243 2092 319 2156 Hoc
340 2112 423 2157 anno
445 2091 641 2176 conspiratio
664 2091 745 2153 inter
767 2104 831 2154 tres
853 2091 1016 2173 principes
1038 2088 1176 2155 civitatis
1197 2092 1283 2157 sacta
1306 2088 1383 2171 est,'
1406 2092 1467 2161 Ca.

144 2184 354 2268 Pompeium,
378 2186 431 2249 M.
447 2184 599 2251 Crassum
621 2197 652 2249 et
668 2183 708 2250 C.
726 2183 917 2261 Caesarem,
942 2185 981 2249 dc
1004 2205 1065 2270 qna
1082 2183 1200 2251 Cicero
1223 2185 1308 2253 libro
1329 2188 1467 2253 seeundo

146 2279 185 2339 ad
209 2279 380 2343 Αυίοιιιιι.2

255 2486 358 2549 Anno
378 2484 480 2548 Urbis
499 2487 689 2552 DCXCIV.
713 2485 888 2552 Ciceronis
907 2490 1074 2553 XLVIII.
1096 2508 1186 2551 coss.
1195 2484 1360 2579 fuerumt

222 2628 264 2746 c..
292 2626 462 2706 tumus
489 2628 706 2727 caestu,
736 2631 787 2705 n.
815 2629 1137 2709 cannnunms
1163 2630 1393 2713 crunnus,

230 2785 312 2852 Cum
335 2784 377 2851 C.
401 2786 545 2851 Antonio
569 2786 610 2852 C.
634 2786 788 2850 Octavius
817 2787 849 2850 in
870 2788 1062 2852 Macedonia
1089 2809 1171 2851 anno
1200 2789 1371 2872 superiore
1399 2812 1467 2857 suc·

144 2880 309 2957 cessisset,
335 2890 369 2943 ut
388 2882 596 2965 cognoscitur
616 2879 710 2962 epist.
734 2884 765 2945 1.
789 2880 847 2944 lib.
867 2881 916 2947 11.
940 2888 979 2946 ad
1003 2885 1093 2960 Aru,
1117 2885 1278 2950 Antonius
1300 2889 1365 2951 boc
1380 2904 1467 2953 unuo

145 2974 226 3060 lege.
244 2974 373 3039 Lutatia
400 2976 439 3051 de
468 2976 500 3038 vi
528 2988 692 3039 accusatus
720 2986 768 3038 est
797 2997 814 3038 a
838 2976 891 3039 Μ.
915 2976 1047 3052 Caelio;
1082 2989 1116 3040 ut
1144 2992 1191 3042 est
1218 2979 1256 3043 in.
1278 2981 1377 3047 Orat.
1405 3002 1466 3067 pro

147 3066 259 3134 Caelio
288 3090 359 3151 cap.
391 3069 445 3132 29.
473 3079 506 3132 et
533 3069 588 3132 tt.
644 3069 816 3134 Antonium
850 3073 935 3154 apud
964 3070 1027 3137 Cn.
1058 3072 1229 3136 Lentulum
1258 3073 1466 3143 Claudianum

144 3162 205 3242 (sic
235 3163 310 3248 lego
339 3185 380 3226 ex
409 3164 501 3227 libris
531 3161 605 3226 olim
635 3160 836 3245 inspressisil)
869 3185 956 3227 reum
987 3163 1104 3228 iactum
1138 3187 1207 3231 esse
1240 3190 1257 3230 a
1292 3168 1335 3249 Q.
1367 3168 1467 3237 Fabio

146 3255 292 3321 Maximo
317 3255 433 3322 Cicero
456 3258 486 3321 in
509 3257 671 3322 Vatinium
701 3279 769 3341 cap.
793 3259 845 3318 11.
870 3259 1074 3325 demonstrat.
1118 3260 1199 3336 Sed,
1234 3282 1273 3324 an
1295 3266 1335 3327 de
1356 3266 1467 3330 andan

145 3349 274 3414 mimine
297 3347 425 3414 Caclius
453 3363 485 3415 et
506 3352 670 3417 Maximus
699 3350 894 3426 accusarint,
930 3350 1005 3416 milti
1036 3372 1100 3416 non
1121 3364 1259 3418 constat.
1304 3357 1382 3423 Hoc
1403 3356 1467 3423 nto

145 3444 200 3510 lib.
221 3445 435 3521 XXXVIII,
461 3448 513 3509 10.
537 3445 665 3519 scribit,
690 3444 864 3508 Antonium
888 3446 927 3508 de
950 3442 1105 3509 Catilinae
1127 3446 1347 3513 coniuratione
1367 3450 1401 3515 iu
1421 3449 1468 3515 in*

144 3539 259 3605 dicium
282 3540 448 3602 adductum
471 3551 608 3622 propter
631 3539 710 3600 male
732 3539 978 3602 administratam
1004 3539 1202 3620 provinciam
1224 3544 1468 3609 condemnatum

143 3632 256 3698 inisse.
301 3630 418 3697 Cicero
441 3652 521 3696 vero
542 3652 604 3714 pro
627 3629 742 3696 Caelio
764 3654 835 3715 cap.
859 3634 913 3696 at.
936 3634 979 3696 ait
1004 3633 1149 3698 Antonio
1171 3634 1320 3699 nocuisse
1343 3636 1469 3720 opinio·

144 3747 217 3792 nem
239 3725 383 3790 malelicii
405 3726 548 3810 cogitati.
594 3726 752 3791 Antonius
775 3729 998 3790 condemnatus
1019 3728 1051 3790 in
1067 3727 1274 3811 Cephallenia
1293 3732 1464 3809 exsudavit,

145 3832 278 3887 arrctore
299 3822 458 3885 Strabone
479 3819 537 3884 lib.
560 3821 625 3893 X.,
649 3841 744 3883 neca
768 3822 819 3888 M.
843 3822 986 3886 Antonio
1009 3822 1116 3886 fratris
1137 3823 1203 3887 lilio
1226 3846 1297 3888 cnm
1319 3825 1390 3890 aliis
1412 3846 1468 3891 ex·

145 3915 266 3980 sulibus
281 3914 446 3980 restitutus
468 3914 567 3988 snitu
592 3913 735 3997 Philipp.
753 3916 800 3979 II.
817 3936 885 3998 cap.
904 3916 957 3979 23.
992 3917 1042 3982 Dc
1063 3938 1120 3981 sua
1142 3917 1329 3984 defensione
1347 3919 1467 3987 cicero

183 4071 212 4146 1)
232 4071 314 4128 Nihil
333 4068 409 4127 allud
428 4069 536 4125 uidetur
557 4074 611 4124 nisi
631 4068 788 4143 exemplum
811 4073 990 4137 Arateornm,
1017 4087 1086 4144 qnae
1106 4070 1266 4128 adolescens
1289 4078 1318 4128 lo
1338 4076 1470 4133 Latinas!

146 4163 328 4202 converterat.
366 4147 422 4212 Ea,
448 4164 511 4200 cnm
532 4149 641 4200 Atticus
661 4160 727 4197 tune
747 4143 819 4198 forts
841 4163 898 4198 non
918 4145 1047 4215 baberet,
1074 4151 1227 4223 postulasse
1251 4147 1364 4205 uidetur
1390 4152 1471 4209 act·

146 4239 262 4283 cetone.
282 4239 311 4276 nt
331 4222 386 4277 sibl
404 4222 495 4276 denno
514 4217 694 4275 describenda
714 4236 833 4274 curaret.

184 4298 215 4370 2)
235 4297 392 4373 intelligere
409 4297 518 4354 ridetur
535 4295 570 4349 ad
590 4301 674 4352 Attio.
694 4301 725 4360 2,
747 4302 772 4357 3.
810 4296 875 4349 Fuit
896 4297 973 4366 aptsd
988 4318 1031 4351 me
1050 4299 1212 4361 Comedus,-
1231 4296 1303 4353 tiene
1321 4300 1386 4355 ds'no
1404 4300 1472 4356 uat-

146 4373 228 4438 bum,
252 4379 384 4429 Caesaris
394 4373 584 4447 familiarem.
621 4373 651 4426 Is
672 4367 845 4444 affirmabat
862 4373 939 4425 illurn
958 4375 1084 4428 ominibus
1103 4381 1135 4428 in
1157 4376 1318 4430 raduanus
1338 4385 1369 4431 st
1387 4378 1472 4433 Pons·

144 4454 202 4521 peii
220 4449 335 4502 consilio
352 4469 466 4503 retunsus
484 4449 667 4519 doctorumque
687 4466 817 4518 oporam,
846 4457 878 4500 ut
895 4467 956 4501 crem
979 4454 1106 4521 Pompeio
1127 4451 1260 4505 Crassum
1278 4458 1472 4525 coniungent.

148 4521 207 4655 glad
235 4524 509 4659 {ipsstprpuelffipnnepr
527 4530 592 4660 ἐξ,
614 4528 660 4585 51.
700 4526 856 4598 Appianum
875 4524 908 4579 B.
927 4524 959 4579 C.
979 4532 1012 4593 2,
1039 4530 1081 4596 9..
1109 4532 1153 4582 cul
1176 4532 1314 4584 trtnmslrl
1340 4527 1472 4587 &cuntur

185 4678 217 4743 5)
237 4679 268 4729 ln
289 4690 350 4728 mea
368 4675 419 4730 Ed.
441 4695 482 4732 est
499 4642 553 4732 ¹Cn.
573 4677 721 4732 Lentielum
741 4674 916 4730 Clodianum.
1185 4718 1192 4741 ,

185 4751 216 4825 b)
237 4747 294 4805 Cir.
316 4770 366 4825 pro
385 4752 481 4807 Flacco
495 4757 541 4812 38.
578 4755 735 4825 Oppressus
753 4759 795 4804 est
815 4753 846 4807 C.
858 4755 1007 4809 Antonius.
1044 4754 1129 4819 Esto;
1149 4753 1246 4810 habeti!
1266 4758 1409 4830 ,vundan
1425 4756 1471 4813 stt«

147 4825 299 4900 infamiam
318 4844 414 4889 sesama
440 4847 525 4901 neptis
542 4836 637 4883 tamen
655 4830 702 4882 ille
719 4831 795 4897 ipse,
822 4846 877 4900 pro
896 4848 955 4886 meo
975 4837 1037 4886 iura
1056 4830 1134 4922 diso,
1162 4832 1243 4886 vobis
1260 4832 1472 4889 iudicibus&-
