3218 5310
199 292 240 353 tt
615 287 667 348 M.
694 285 854 349 TULLII
880 283 1131 349 CICERONIS

198 428 492 510 comprehendere,
512 447 588 490 eam
611 448 681 489 rem
704 431 831 505 ipsam,
853 445 958 507 quam
978 425 1149 504 legissem,
1172 422 1274 485 verbis
1306 425 1386 485 aliis
1406 445 1513 507 quam

197 523 346 585 maxime
370 540 501 598 possem
532 518 628 579 lectis
656 516 921 597 pronuntiarem.
973 514 1090 575 Postea
1122 514 1206 574 milti
1226 513 1381 592 placuit,
1403 536 1512 597 eoque

197 631 271 671 sum
305 630 383 671 usus
410 607 626 681 adolescens,
663 614 699 665 ut
723 624 931 665 summorum
957 612 1134 665 oratorum
1167 603 1312 664 Graecas
1343 607 1514 667 orationes

197 700 428 779 explicarem:
450 696 570 780 quibus
583 697 678 757 lectis
691 695 756 754 leae
772 691 990 775 assequebar,
1011 699 1068 767 ut,
1088 710 1165 754 eum
1187 712 1239 765 ea,
1265 712 1353 773 quae
1368 693 1515 773 legerem

203 791 345 865 Graece,
368 789 483 850 Latine
503 786 687 862 redderem,
709 805 775 844 non
800 785 912 844 solum
931 781 1066 860 optimis
1089 779 1191 841 verbis
1207 791 1334 856 uterer,
1354 791 1514 844 ettamen

199 883 350 955 usitatis,
372 877 431 941 sed
448 880 552 941 etiam
565 878 785 955 exprimerem
806 870 976 954 quaedam
998 868 1094 931 verba
1112 872 1293 950 imitando,
1316 891 1406 954 quae
1425 892 1514 933 aava

197 971 318 1033 nostris
339 978 462 1041 essent,
485 964 666 1028 dummodo
688 970 794 1027 essent
812 962 943 1023 idonea.
985 962 1066 1021 'I'um
1088 961 1187 1044 igitur
1206 962 1322 1025 Cicero
1346 965 1513 1025 admodum

198 1059 468 1134 adolescentulus,
493 1070 526 1120 ut
549 1068 595 1119 est
617 1056 674 1118 lib.
698 1054 745 1115 lI.
770 1055 809 1114 de
831 1064 942 1113 nutura
964 1053 1124 1129 Deorum,
1150 1077 1220 1137 esp.
1238 1061 1305 1131 tt„
1331 1057 1428 1120 Arati
1446 1081 1516 1121 car-

197 1155 279 1217 mina
303 1156 339 1215 de
362 1154 451 1215 caclo
473 1152 634 1235 stellisque
664 1145 842 1220 convertit,
876 1166 1011 1228 qiioruui
1041 1146 1221 1231 fragmenta
1250 1162 1388 1214 exstant.
1436 1152 1517 1216 Ma-

198 1251 286 1310 rium
311 1268 438 1329 quoque
460 1245 523 1307 illis
545 1239 758 1323 temporibus,
784 1261 853 1301 eum
871 1238 1029 1301 Scaevola
1046 1239 1188 1315 viveret,
1213 1243 1281 1325 (qui
1300 1246 1337 1306 dc
1359 1265 1398 1308 eo
1421 1245 1512 1321 dixit,

200 1339 356 1404 Caneseet
388 1339 487 1403 seclis
525 1331 866 1410 innumerabilibus,)
897 1330 1043 1410 scripsit:
1068 1333 1157 1395 eitius
1179 1356 1196 1396 a
1220 1359 1252 1398 se
1275 1338 1383 1418 scripti
1408 1340 1515 1402 meusi-

199 1431 243 1492 nit
269 1431 323 1494 lib.
351 1431 379 1492 I.
410 1433 447 1490 de
477 1427 577 1512 legib.
606 1448 676 1506 cup.
705 1430 734 1487 1.
759 1423 814 1486 lib.
837 1425 865 1486 l.
893 1427 930 1486 dc
955 1424 1098 1490 Divinut.
1117 1449 1186 1512 cup.
1206 1432 1259 1493 ts.
1287 1443 1318 1494 et
1342 1433 1399 1495 lib.
1428 1435 1514 1497 XII.

199 1523 239 1586 ud
261 1528 329 1588 Att.
352 1546 403 1604 ep.
428 1524 478 1584 ts.
523 1523 572 1584 De
595 1519 704 1583 Murio
728 1518 820 1581 aliter
843 1517 1029 1585 Corradus:
1067 1545 1158 1605 quem
1190 1523 1244 1586 lib.
1273 1526 1301 1588 I.
1331 1528 1368 1589 dc
1391 1529 1516 1611 legibus

197 1616 326 1681 refellit.
382 1619 535 1679 Extremo
565 1619 625 1677 boc
653 1633 735 1675 unno
763 1615 805 1674 L.
838 1614 937 1676 Iulius
968 1613 1086 1679 Caesar
1117 1637 1185 1679 eos.
1220 1617 1320 1701 legem
1343 1620 1452 1682 Iuliam
1477 1624 1515 1684 de

198 1710 326 1773 civitate
349 1711 438 1772 tulit:
463 1731 522 1791 equa
548 1708 616 1791 lege
639 1705 749 1768 civitas
773 1720 819 1768 est
840 1707 935 1771 sociis
958 1721 990 1771 et
1012 1709 1134 1787 Latinis
1155 1713 1243 1786 data,
1269 1725 1302 1774 ut
1319 1711 1436 1776 Cicero
1454 1735 1514 1796 pro

199 1805 303 1868 Bulbo
327 1827 397 1886 esp.
421 1805 453 1866 8.
478 1804 531 1866 ait.

346 2045 448 2111 Anno
470 2043 565 2110 Urbis
585 2045 756 2109 DCLXIV.
779 2046 944 2109 Ciceronis
971 2045 1096 2110 XVIII.
1118 2068 1203 2111 coss.
1220 2049 1368 2128 suerunt

301 2186 378 2261 cu.
406 2185 660 2261 possessos
688 2142 905 2283 seuseu,
942 2188 987 2262 L.
1022 2187 1238 2265 nonnos
1267 2189 1411 2267 eme.

281 2342 357 2405 Hoc
379 2363 461 2404 anno
484 2340 618 2424 primum
641 2355 804 2405 senatores
834 2365 904 2405 cum
933 2342 1092 2426 equitibus
1122 2345 1218 2406 Rom.
1248 2345 1320 2429 lege
1342 2346 1448 2410 Plotia
1471 2346 1517 2410 iu-

199 2433 358 2511 dicarunt,
384 2434 471 2497 (estius
494 2433 611 2498 Cicero
633 2457 694 2516 pro
713 2435 868 2499 Corneli0
891 2437 1046 2511 meminit,
1071 2448 1103 2499 et
1117 2438 1294 2512 Asconius,
1319 2461 1388 2502 eum
1410 2441 1516 2505 locum

198 2529 429 2610 interpretans,
464 2528 574 2591 scribit
603 2530 665 2592 Ed.
693 2529 779 2593 Bait.
810 2552 843 2610 p.
874 2530 944 2605 ts„
979 2530 1027 2592 his
1061 2530 1243 2593 consulibus
1274 2534 1326 2595 M.
1357 2530 1514 2596 Plautium

200 2623 359 2686 Silvanum
382 2623 541 2686 tribunum
565 2624 607 2704 pl.
630 2644 696 2686 eam
720 2622 820 2706 legem
843 2623 964 2687 tulisse.
1024 2625 1112 2688 'I'ulit
1138 2625 1219 2689 idem
1251 2626 1353 2710 legem
1376 2628 1515 2691 Plotium

199 2719 236 2779 de
258 2717 308 2792 vi,
333 2718 370 2778 de
392 2738 452 2799 qua
476 2715 593 2781 Cicero
616 2738 676 2797 pro
699 2715 843 2791 Milone,
869 2739 939 2798 esp.
963 2718 1012 2783 ts.
1034 2719 1073 2780 de
1096 2718 1239 2800 Harusp.
1262 2741 1350 2802 resp.
1375 2733 1405 2784 et
1427 2719 1516 2783 alibi.

199 2812 250 2873 De
278 2813 387 2874 eodem
418 2813 480 2874 boc
510 2832 591 2874 sirim
621 2809 737 2873 Cicero
766 2809 798 2872 iu
828 2813 950 2887 Bruto,
985 2834 1056 2894 cap.
1084 2812 1136 2876 89.
1188 2812 1263 2875 lam
1294 2825 1516 2898 consequente

199 2924 289 2967 anno
316 2904 355 2982 Q.
387 2905 506 2966 Varius
541 2924 604 2966 sua
636 2903 711 2983 lege
747 2903 925 2970 damnatus
955 2914 1165 2983 excesserat,
1193 2925 1258 2984 ego
1286 2913 1401 2967 autem
1434 2908 1517 2968 lurIs

199 2994 309 3056 civilis
327 2993 440 3055 studio
462 2994 608 3055 multum
628 3013 750 3073 operae
772 2995 894 3059 dabam
919 2999 957 3077 Q.
978 2996 1186 3072 Scaevolae,
1206 2996 1239 3056 Ρ.
1259 2995 1285 3055 F
1288 3039 1296 3054 .
1318 2997 1380 3077 qui
1399 3015 1519 3076 quam·

200 3104 305 3168 quom
330 3086 456 3146 nemini
477 3104 511 3147 se
537 3084 585 3144 ad
607 3083 794 3146 docendum
818 3086 938 3168 dabat,
970 3097 1083 3150 tamen
1104 3084 1354 3147 consulentibus
1383 3104 1518 3165 respon-

168 3170 172 3179 '
199 3172 304 3237 dendo
327 3173 494 3235 studiosos
516 3172 677 3236 audiendi
694 3174 847 3239 docebat.
888 3180 996 3262 Atque
1018 3176 1068 3238 hic
1091 3186 1137 3238 cst
1160 3174 1202 3253 Q.
1227 3173 1358 3237 Mucius
1382 3178 1515 3257 Augur,

200 3265 240 3326 ad
267 3284 378 3346 quem,
413 3276 536 3345 suumin
568 3264 649 3327 virili
678 3278 772 3350 toga,
808 3268 924 3333 Cicero
954 3295 970 3334 a
1000 3283 1088 3353 patre
1116 3268 1158 3331 ita
1187 3280 1255 3331 erat
1282 3271 1449 3343 deductus,
1483 3280 1517 3329 ut

199 3360 304 3441 quoad
326 3368 434 3438 posset
457 3368 488 3418 et
510 3358 634 3432 liceret,
671 3381 686 3420 u
711 3360 791 3421 senis
815 3364 913 3425 latere
936 3386 1092 3448 utinquam
1117 3364 1311 3436 discederet3
1340 3363 1427 3445 quod
1448 3361 1517 3444 ipse

199 3452 232 3515 in
253 3451 367 3515 LaeIIo
391 3472 461 3532 cap.
485 3453 515 3514 1.
539 3452 678 3515 scribit.¹
724 3454 786 3515 Sed
808 3478 876 3517 cum
901 3458 943 3534 Q.
962 3457 1118 3521 Scaevola
1141 3459 1275 3538 Augur,
1305 3454 1358 3537 qui
1381 3476 1451 3517 cmo
1475 3457 1518 3519 L.

199 3546 338 3610 Metello
368 3545 480 3609 consul
501 3545 560 3607 luit
589 3568 670 3610 anno
696 3548 791 3611 Urbis
815 3549 1070 3626 Dcxxxw„
1101 3549 1131 3611 in
1154 3547 1359 3612 monumentis
1381 3550 1518 3633 antiquis

200 3640 243 3722 Q.
265 3641 305 3704 F.
329 3640 470 3703 dicatur:
507 3639 693 3715 videndum,
728 3664 765 3702 sn
790 3644 887 3722 patris
910 3666 1101 3726 praenomen
1123 3643 1154 3705 in
1177 3640 1344 3706 Ciceronis
1366 3641 1456 3704 libris
1480 3643 1519 3704 sit

200 3736 423 3817 depravatum
453 3755 522 3796 nam
552 3735 740 3797 Scaevolam
771 3738 981 3813 Pontificem,
1012 3759 1104 3822 quem
1131 3735 1296 3801 Corradus
1321 3747 1352 3798 et
1379 3736 1431 3799 alii
1459 3736 1518 3797 viri

201 3829 286 3892 docti
309 3827 482 3906 significari
504 3840 633 3909 putant,
657 3829 788 3912 intelligi
812 3853 873 3894 non
897 3855 1011 3912 posse,
1036 3831 1106 3894 iude
1129 3842 1270 3904 constat,
1295 3833 1384 3913 quod
1401 3830 1517 3895 Cicero

200 3943 234 3985 se
257 3926 296 3986 ad
319 3922 526 3995 Pontificem,
552 3943 614 3984 non
639 3922 696 3985 nisi
718 3925 852 4008 Augure
875 3937 1021 3999 mortuo,
1054 3923 1225 3986 contulit.²
1275 3926 1392 4008 Augur
1414 3935 1515 3984 utitem

201 4035 264 4077 non
285 4017 388 4079 solum
410 4018 490 4092 hoe,
516 4037 625 4078 verum
648 4017 739 4079 etism
763 4032 914 4101 sequente
936 4039 1017 4082 atino
1039 4028 1200 4099 superstes
1221 4017 1299 4092 luit,
1324 4041 1360 4080 ne
1383 4029 1444 4078 tiuu
1463 4016 1517 4078 Ci-

202 4107 312 4172 ceroni
334 4131 509 4175 sermonem
531 4109 636 4173 Laelii
657 4113 695 4174 de
725 4111 858 4176 airiieitia
887 4103 1053 4195 esposuit,
1088 4122 1122 4172 nt
1150 4132 1168 4173 e
1200 4112 1313 4175 Laelio
1343 4113 1393 4174 bl.
1421 4109 1517 4171 'I'ullii

200 4201 401 4284 perspicuum
425 4217 484 4268 cst.
529 4204 578 4269 De
602 4207 712 4268 eodem
735 4207 870 4289 Augure
890 4204 1005 4269 Cicero
1028 4207 1107 4267 lmec
1128 4204 1308 4288 Philippica
1326 4204 1422 4265 VIII.
1447 4224 1517 4282 esp.

218 4381 268 4439 ’1)
288 4374 446 4429 Notandum
468 4384 534 4432 item
555 4378 627 4450 quod
648 4381 681 4432 de
702 4380 743 4432 M.
769 4378 873 4432 Scauro
900 4395 977 4451 patre
1005 4378 1142 4450 praedicat
1169 4380 1282 4432 Cicero:
1310 4377 1376 4428 Non
1406 4383 1518 4426 tuntum

199 4448 361 4502 admiratus
379 4469 438 4504 sum
458 4473 512 4521 ega
531 4456 608 4506 Illum
627 4461 734 4518 viram,
758 4460 832 4506 sient
851 4472 960 4521 omnes,
981 4454 1133 4506 sedetiam
1150 4460 1299 4523 praecipue
1316 4450 1415 4502 detexi.
1456 4448 1519 4500 Pri-

200 4542 273 4577 mrtm
299 4530 371 4577 enim
403 4545 444 4577 mc
469 4531 644 4598 flagrantem
668 4529 763 4582 studio
789 4530 883 4581 landis
906 4534 936 4580 in
961 4546 1035 4597 spem
1064 4530 1172 4599 impulit
1195 4547 1274 4600 posse
1297 4531 1433 4578 virtutem
1458 4531 1518 4574 siue

196 4600 341 4672 praesidio
352 4598 513 4670 sortiatur,
532 4624 584 4675 qim
603 4605 806 4672 contendisset,
826 4603 921 4656 labore
941 4613 969 4656 et
987 4611 1148 4658 constantia
1163 4608 1321 4677 pervenire.
1359 4603 1413 4655 Pro
1434 4602 1520 4654 Scau·

200 4694 233 4731 ro
254 4685 288 4742 1,
308 4676 352 4732 ta.

237 4756 267 4817 2)
288 4752 325 4805 Ut
346 4750 503 4816 fabricius,
532 4759 618 4809 ettam
644 4753 801 4813 Werzelius
826 4758 856 4808 iu
882 4755 963 4809 Bruti
988 4771 1049 4829 cap.
1077 4760 1122 4817 89.
1150 4756 1174 4821 b.
1197 4753 1261 4813 506.
1288 4750 1408 4806 malebat
1435 4750 1469 4819 Q.
1488 4749 1517 4802 F.

200 4824 270 4881 vide
290 4843 383 4883 tamen
402 4826 581 4883 Ellendtium.
