3218 5310
697 212 935 279 Hts'rotttn.
980 236 985 243 ·
1099 212 1102 217 ’
1406 212 1466 273 tet

139 354 246 418 Iussum
273 349 452 417 Antonium
477 367 765 437 persequerentur3
789 377 870 437 qrrae
893 355 976 418 libro
993 356 1038 417 X.
1066 365 1098 417 et
1119 355 1184 417 XI.
1211 356 1249 417 ad
1276 355 1386 419 Famil.
1411 378 1467 417 ex.

137 459 238 511 stant.
285 446 418 511 Interim
444 446 604 512 Antonius
625 452 702 533 luga
730 464 947 531 transgressus
973 451 1075 531 Alpes
1101 450 1205 531 primo
1230 472 1287 531 spc
1314 449 1466 534 colloquii

140 542 290 625 repulsus
322 562 341 604 a
374 542 427 606 M.
458 544 604 625 Lepido,
637 566 712 605 mox
736 544 862 624 saepius
886 544 915 606 in
943 556 1147 626 conspectum
1172 545 1302 608 veniens
1336 548 1465 609 militum

139 657 200 718 per
220 656 335 699 eversa
360 645 541 700 castrorum
569 649 706 719 proruto
733 638 817 700 ealle
844 660 859 698 a
891 638 1040 701 militibus
1071 650 1219 721 receptus
1251 652 1316 711 est;
1352 641 1468 704 Pater-

138 730 231 793 eulns
253 729 308 793 lib.
323 729 373 792 ll.
397 750 469 811 esp.
489 731 561 803 63„
590 732 783 794 Plutarchus
803 731 833 793 in
857 732 1021 808 Antonio,
1047 733 1213 815 Appianus
1232 734 1289 797 lib.
1316 738 1389 811 lll,
1414 737 1483 807 83„

137 826 283 909 Lepidos
299 847 335 888 se
354 847 425 887 carru
448 827 593 891 Antonio
618 825 783 888 coniunxit
808 849 837 888 a.
861 829 892 887 d.
918 828 984 890 IV.
1002 827 1139 891 lieleud.
1168 830 1258 901 luu.;
1287 831 1381 911 epist.
1410 832 1463 895 93.

136 918 197 983 lib.
218 920 264 982 X.
287 920 326 981 ad
348 919 463 981 Paruit.
508 920 618 983 Pridie
645 920 781 983 lialcud.
807 919 939 998 Quintil.
972 921 1113 1001 Lepidus
1135 924 1295 986 sententiis
1319 927 1465 991 omuibus

137 1012 244 1077 bostis
265 1032 282 1074 a
305 1023 415 1075 senatu
437 1012 590 1076 iudicatus
612 1027 659 1075 est
681 1014 857 1096 ceterique,
890 1014 943 1097 qui
975 1036 1034 1076 una
1065 1037 1134 1077 cum
1166 1016 1258 1079 illea
1282 1022 1465 1100 republica

138 1106 345 1171 defecerant:
370 1108 484 1190 quibus
507 1122 608 1172 tamen
633 1113 671 1171 ad
693 1108 855 1171 sanitatem
879 1109 1030 1170 redeundi
1053 1122 1122 1173 ante
1137 1112 1272 1175 lialend.
1286 1114 1466 1195 Septembr.

138 1211 285 1284 potestas
299 1202 381 1263 sacta
405 1203 484 1277 luit3
509 1206 602 1284 epist.
629 1205 681 1267 10.
709 1203 764 1263 lib.
787 1203 871 1264 Xll.
900 1205 940 1263 ad
963 1201 1087 1275 Famil,
1112 1204 1204 1284 epist.
1229 1205 1279 1268 te.
1303 1220 1333 1269 et
1354 1210 1406 1270 19.
1428 1212 1466 1271 ad

138 1296 236 1359 Brut.
260 1307 293 1358 et
312 1295 377 1360 Dio
400 1295 455 1361 lib.
480 1298 620 1371 XLVI,
644 1300 696 1361 51.
741 1295 935 1361 Octavianus
960 1294 1096 1371 Cacsar,
1123 1309 1156 1358 ut
1183 1299 1338 1381 cognorit
1360 1303 1465 1365 Ante·

139 1388 224 1451 nium
251 1390 420 1471 asLepido
443 1405 606 1473 receptum
630 1404 819 1474 ceterosque
843 1393 936 1451 duces
963 1402 993 1452 et
1019 1390 1177 1453 exercitus
1200 1394 1382 1457 consentire
1401 1420 1463 1481 pro

138 1482 308 1566 pes-tibus,
338 1504 464 1547 eausam
489 1487 684 1566 optimatium
709 1484 777 1547 siue
800 1485 999 1547 cunctatione
1023 1485 1178 1561 deseruit,
1202 1487 1240 1548 ad
1263 1500 1462 1569 praetextum

138 1589 278 1639 maststse
297 1577 469 1640 voluntatis
493 1580 574 1641 dicta
600 1581 747 1663 laetaque
771 1579 967 1660 quorundam
993 1579 1215 1653 calumniatus,
1239 1580 1331 1667 quasi
1354 1584 1404 1647 alii
1430 1610 1464 1648 sc

137 1692 294 1754 puerum,
319 1671 371 1733 atii
388 1676 560 1736 ornandum
580 1676 817 1755 tollendumque
839 1671 1020 1743 iactassent3
1060 1674 1229 1736 Suetonius
1255 1675 1287 1737 in
1311 1678 1462 1759 Auguste

137 1788 212 1847 cap.
236 1766 309 1841 tt„
332 1765 521 1829 Paterculus
544 1767 598 1831 lib.
625 1770 673 1831 ll.
699 1788 770 1848 cap.
796 1766 869 1841 62,
901 1766 1020 1827 Brutus
1051 1766 1142 1846 epist.
1168 1768 1220 1830 20.
1247 1768 1303 1830 lib.
1331 1772 1397 1835 XI.
1425 1775 1464 1834 ad

139 1856 258 1923 Famis.
303 1858 387 1919 'l'nru
410 1857 493 1921 inter
515 1882 583 1925 cum
610 1873 641 1924 et
661 1859 833 1924 Antonium
857 1858 1045 1921 commercia
1069 1859 1273 1939 epistolarum
1295 1874 1325 1925 ct
1352 1866 1464 1928 eondi-

137 1952 262 2017 tionum
284 1950 369 2015 fecta
393 1953 530 2027 mentio;
561 1958 649 2038 quod
674 1953 861 2018 Paterculus
884 1951 1006 2013 scribit.
1061 1948 1208 2035 Cumque
1232 1956 1405 2033 effecisset,
1432 1970 1465 2021 ut

137 2046 255 2109 milites
271 2044 354 2108 inter
373 2068 406 2107 se
425 2046 492 2110 iure
509 2048 642 2113 iurando
665 2048 835 2120 sancirent,
861 2067 930 2107 eum
953 2044 1040 2107 nulle
1064 2047 1218 2125 exercitu,
1245 2050 1298 2132 qrri
1319 2049 1360 2114 C.
1381 2050 1465 2117 Cae·

135 2140 218 2203 saris
249 2138 381 2214 luisset,
415 2140 531 2203 bellum
560 2165 595 2205 sc
626 2155 793 2225 gesturos,
828 2140 1078 2223 quadringentos
1116 2140 1229 2204 milites
1259 2144 1394 2208 Romam
1424 2152 1465 2210 ad

136 2244 283 2298 senatum
306 2234 404 2309 misit,
437 2235 491 2318 epu
510 2238 706 2299 consulatum
730 2236 789 2297 sibi
809 2237 933 2297 tremine
951 2234 1109 2297 exercitus
1130 2238 1362 2316 deposcerent:
1393 2264 1463 2303 cum

135 2330 264 2413 uiridem
290 2338 458 2393 cunctante
483 2342 595 2393 senatu
625 2329 795 2394 Cornelius
821 2327 984 2403 centurio,
1022 2327 1169 2409 princeps
1195 2332 1381 2413 legationis,
1413 2358 1465 2399 re-

136 2426 224 2489 iecto
251 2423 365 2507 sagulo
397 2426 565 2488 ostendens
588 2425 683 2509 gladii
704 2423 849 2504 capulum
876 2444 939 2486 nou
970 2422 1141 2485 dubitasset
1168 2424 1198 2486 iu
1225 2427 1312 2490 curia
1338 2430 1462 2492 diceret

136 2518 213 2581 Hie
227 2514 367 2595 saciet,
388 2519 420 2577 si
440 2538 509 2579 nou
527 2516 688 2596 feceritis
717 2540 790 2593 σοις
834 2514 1006 2578 Suetonius
1029 2516 1118 2600 Aug.
1148 2539 1220 2600 cap.
1252 2521 1305 2583 ib.
1337 2532 1369 2585 ct
1397 2523 1463 2585 Die

136 2609 225 2672 libre
243 2608 382 2684 XLVI,
408 2610 473 2682 ld„
501 2609 554 2671 uui
568 2610 670 2683 addit,
696 2607 885 2673 Ciceronem
903 2608 1093 2673 subiecisse:
1117 2614 1157 2676 Si
1174 2614 1224 2674 ito
1245 2618 1464 2678 consulatum

137 2704 322 2785 petieritis,
342 2723 418 2765 eum
443 2706 603 2783 accipiet.
644 2703 805 2767 Militibus
822 2725 859 2766 re
881 2704 996 2766 inlecta
1017 2704 1057 2765 ad
1078 2704 1288 2767 Octavianum
1313 2708 1462 2783 reversis,

138 2793 317 2859 Antonium
341 2806 372 2856 et
395 2794 552 2876 Lepidum
574 2797 606 2859 in
634 2799 754 2861 ltaliam
779 2797 944 2861 arcessiuit
964 2808 1059 2882 atque
1080 2798 1148 2879 ipse
1175 2798 1319 2879 legiones
1347 2803 1387 2863 ad
1412 2823 1464 2862 ur-

139 2894 211 2955 bem
232 2887 395 2953 hostiliter
418 2890 577 2965 admovit3
609 2892 795 2965 Suetonius,
820 2890 885 2954 Die
909 2902 939 2953 et
960 2891 1144 2972 Appianus,
1175 2892 1229 2975 qui
1250 2894 1386 2956 scribit¹
1410 2891 1465 2957 Ci-

137 3006 289 3053 ceronem
317 2995 382 3046 tutu
405 2986 444 3046 ad
473 2987 684 3050 Octavianum
717 2985 839 3047 eruisse
868 3006 904 3045 ae
930 2985 1038 3065 paullo
1067 2998 1141 3067 pest
1169 2986 1281 3047 lectica
1309 3007 1348 3047 ex
1374 2988 1464 3051 L'rbe

136 3084 275 3169 fugisse.
327 3080 370 3145 C.
400 3094 502 3145 autem
533 3079 653 3143 Caesar
681 3079 878 3143 Octavianus
908 3079 1018 3140 ceusol
1047 3100 1118 3140 cum
1149 3079 1192 3157 Q.
1230 3079 1332 3141 Pedio
1360 3081 1463 3143 statim

135 3181 241 3245 laetias
264 3189 331 3251 est,
362 3190 396 3239 ut
418 3196 527 3238 omnes
550 3174 678 3236 annales
702 3183 867 3234 testantur.
922 3170 1130 3235 Consulatum
1161 3172 1330 3237 Caesarem
1359 3164 1463 3238 iniisse

136 3274 260 3357 pridie,
292 3292 386 3356 qnam
409 3270 491 3333 XX.
516 3288 614 3331 annes
636 3266 798 3347 impleret,
829 3266 875 3327 X.
900 3265 1036 3328 lialend.
1061 3264 1243 3340 Octobres,
1276 3268 1466 3331 Paterculus

137 3368 194 3431 lib.
220 3367 266 3431 ll.
288 3388 360 3449 cap.
382 3367 435 3429 (15.
457 3377 570 3427 auctor
592 3372 651 3425 est.
696 3361 735 3423 lu
765 3358 902 3422 Liviana
932 3358 1070 3439 epitoma
1098 3357 1156 3422 lib.
1187 3357 1315 3425 CXIX.
1347 3362 1465 3443 legitur

137 3462 312 3529 Caesarem
335 3460 496 3526 cousulens
518 3467 656 3520 creatum
679 3476 768 3531 esse,
799 3475 868 3515 cum
899 3473 999 3516 anuos
1020 3452 1121 3517 XIX.
1146 3454 1290 3518 baberet.
1335 3457 1465 3520 Plutar-

136 3558 217 3621 ebus
238 3556 273 3620 in
295 3556 399 3619 Bruto
421 3576 462 3618 ex
485 3551 655 3637 Octaviani
685 3545 916 3614 commentariis
938 3547 1039 3610 refert
1059 3547 1163 3629 ipsum
1190 3548 1376 3633 vigesimum
1408 3572 1464 3610 an·

136 3674 212 3715 oum
232 3650 357 3737 egisse,
380 3670 450 3712 curn
470 3648 584 3713 consid
601 3646 737 3729 primum
755 3653 802 3705 est
823 3640 937 3704 lactus.
980 3640 1156 3722 Eutropius
1179 3640 1270 3705 initio
1291 3643 1363 3705 libri
1379 3643 1462 3705 Vll.

138 3747 180 3811 ait
207 3746 382 3813 Geesamm
413 3746 549 3810 Romam
575 3761 646 3805 cum
673 3737 814 3802 exercitu
839 3735 1020 3817 proiectum
1051 3733 1239 3811 extersisse,
1271 3746 1305 3798 ut
1329 3734 1389 3797 sibi
1417 3734 1465 3796 vi-

173 3920 205 3995 1)
226 3922 260 3975 B.
280 3920 314 3973 C.
335 3920 393 3985 lll,
420 3924 468 3976 92.
519 3918 590 3971 Cum
614 3915 766 3975 Octavios,
800 3909 897 3963 relicto
917 3914 1040 3963 exercitu
1067 3908 1139 3962 ultra
1160 3908 1261 3962 eolleru
1281 3909 1465 3978 Quirinalem,

137 3994 237 4049 arbem
256 3998 406 4061 Intrasses,
429 4002 570 4071 Κικέρων
591 3996 650 4049 τῶν
666 3988 804 4047 σπονδῶν
826 3984 1001 4063 πυθόμενος
1024 3982 1131 4059 inpagis
1155 3982 1206 4041 eut
1226 3991 1286 4040 τῶν
1308 3983 1466 4057 Καίσαρος

137 4068 237 4147 φίλων
256 4066 391 4145 ι’ντιρεῖν
410 4062 568 4141 αὐτῷκαὶ
586 4060 719 4143 ἐντυχών
741 4058 913 4135 ἀπελογεῖτο
931 4059 986 4117 καὶ
1004 4056 1060 4133 τὴν
1080 4058 1235 4135 clamemur
1256 4061 1309 4129 τῆς
1323 4062 1467 4125 οπατιίας

136 4132 344 4225 ιιπερεπῆρεν,Ι
365 4142 405 4215 ἢν
432 4140 526 4208 αὐτὸς
554 4148 587 4198 ἐν
615 4144 653 4227 τῇ
678 4136 777 4217 (toute
803 4134 952 4211 πρότερον
979 4132 1171 4210 εἰσηγήσατο.
1206 4136 1239 4191 ‘u
1260 4132 1290 4191 <li
1319 4138 1466 4193 τοσοῦτον

136 4220 328 4299 ἁπεκρίνατο
343 4216 539 4277 ἐπισκώπτων
546 4261 556 4287 ,
578 4211 625 4273 ὅτι
646 4220 706 4272 τῶν
720 4201 818 4285 πίλων
830 4216 914 4284 αὐτῷ
927 4211 1095 4269 τελευταῖος
1113 4210 1302 4299 ιἰἰσγχαισιι.
1347 4207 1467 4273 Numi,-

136 4294 256 4371 δ’ἆσνοι
274 4292 363 4365 δόξης
381 4292 560 4371 γενομένης,
578 4286 774 4360 desiderils]
790 4284 962 4364 Καίσαρος,
981 4285 1017 4341 τό
1029 4304 1058 4339 re
1068 4280 1181 4357 ’ζιριιον
1193 4305 1245 4339 και
1260 4279 1295 4338 τὸ
1309 4280 1464 4357 τέταρτον,

136 4370 310 4451 μιταθοῖτο
321 4374 364 4431 εἰς
383 4365 437 4455 τὴν
447 4368 534 4427 πόλιν
550 4369 590 4431 ὡς
601 4364 633 4424 ‹lt
642 4362 764 4440 ἐνέδρας
776 4358 824 4418 ἐπὶ
836 4357 894 4432 τὴν
905 4358 1039 4438 πατρίδα
1054 4356 1240 4432 ἐπαχθέντα,
1254 4360 1284 4415 οἱ
1296 4358 1464 4434 στρατηγοὶ-

137 4444 190 4505 mi
210 4470 230 4519 η
252 4444 353 4523 pionte)
373 4464 505 4523 παμπαν
524 4439 747 4515 ἀταλαιπώρως
773 4436 973 4503 ἐπίστευσαν,
997 4432 1105 4508 καίπερ
1132 4429 1220 4497 ὄντος
1239 4434 1390 4511 &petrino
1411 4439 1467 4490 τοῦ

138 4522 285 4597 στρατοῦ.
303 4546 342 4563 -
363 4550 392 4563 ··
416 4548 455 4562 -
472 4514 493 4592 ἥ
511 4538 544 4576 τε
561 4514 660 4595 βουλὴ
679 4510 789 4575 νυκτὸς
808 4512 838 4573 ἐς
856 4506 891 4565 τὸ
908 4510 1125 4588 βουλευτήριον
1145 4507 1308 4577 συνέθεον,
1334 4509 1467 4583 Λίκέροι·

139 4616 189 4663 νος
218 4592 269 4655 ἐπὶ
295 4594 365 4661 ταῖς
394 4592 509 4659 dieat,-
537 4593 650 4653 αὐτοὺς
677 4586 773 4659 δεξιον
787 4585 878 4643 rivae.
927 4584 1056 4653 reerulei',¹
1084 4580 1113 4637 di
1134 4586 1187 4657 rip,
1208 4582 1297 4656 ι1όξης
1316 4584 1463 4658 σαπείσης

137 4671 169 4729 ἰν
187 4668 305 4745 poneius
324 4650 472 4747 ὃιέφσγῖν.
511 4669 570 4723 Erst
591 4664 732 4739 Appianas
751 4608 852 4732 ubique
872 4662 994 4729 iniquior
1013 4674 1055 4711 ιιι
1074 4661 1104 4709 tn
1124 4661 1308 4727 Ciceronem,
1335 4659 1404 4713 haee
1423 4660 1465 4712 vel

138 4728 282 4803 reletsrids
303 4762 385 4801 erent
403 4743 445 4797 sel
464 4742 563 4799 saltem
582 4736 718 4815 tangenda
738 4754 753 4791 s
776 4732 960 4791 Middlerono.
