3218 5310
619 253 858 320 HISTORIA.

187 429 290 491 Anno
313 424 413 490 Urbis
437 427 664 489 DCLXXVI.
687 425 862 489 Ciceronis
881 428 995 490 XXX.
1018 445 1108 488 coss.
1119 421 1279 515 fuerunt

144 572 191 644 D.
227 566 400 647 IUNIUS
434 567 1072 757 BRUTUSLidiidlusfflfflUS
1105 568 1322 647 LEPIDUS

151 839 227 903 Hos
253 838 402 901 eonsules
427 859 467 901 ex
493 835 679 921 interregno
707 836 813 900 iniisse
843 849 1030 923 argumento
1052 849 1100 900 est
1127 838 1229 902 oratio
1254 838 1398 921 Philippi

64 935 152 1018 apud
177 932 368 1007 Salustium,
400 931 481 993 inter
506 932 681 1016 fragmenta
710 931 766 993 lib.
795 931 824 992 l.
852 932 985 1014 histem:
1014 934 1193 1016 dequibus
1219 933 1340 997 Cicero
1367 933 1398 996 in

64 1030 171 1092 Bruto
191 1048 265 1110 cap.
283 1028 336 1088 ll.
359 1025 488 1090 Iisdem
494 1023 585 1116 fere
605 1027 816 1110 teinpom'bus
834 1030 880 1090 D.
897 1028 1044 1101 Brutus,
1068 1026 1099 1089 is
1117 1025 1176 1111 qni
1190 1030 1401 1092 consulerem

63 1123 252 1187 Mamerco
260 1117 366 1210 fnit,
391 1122 493 1183 laomo
515 1131 547 1182 et
562 1121 705 1183 Graecis
724 1121 844 1183 <foetus
863 1119 989 1183 litteris
1010 1133 1043 1183 et
1055 1120 1204 1185 Laeints.
1240 1124 1401 1188 Mamerci

66 1215 198 1279 Aemilii
214 1214 349 1296 Lepidi,
373 1213 530 1288 consulis,
556 1215 693 1276 meminit
708 1214 858 1278 Valerius
879 1215 934 1276 lib.
949 1215 1031 1277 Vll.
1055 1236 1128 1296 eap.
1146 1218 1177 1277 7.
1211 1216 1285 1279 Hoe
1300 1240 1396 1297 anno,

66 1331 138 1370 eum
154 1311 220 1372 diso
237 1309 384 1371 eonsules
401 1307 565 1370 clarissimi
581 1307 811 1390 fortissimique
826 1319 943 1380 esseut,
962 1302 1147 1388 Pompeius,
1173 1309 1274 1371 adbuc
1289 1331 1397 1396 eques,

67 1415 178 1468 contra
201 1403 380 1466 Sertoritun
404 1404 443 1464 ad
463 1402 578 1464 bellum
606 1403 773 1463 iiiaxiiuum
792 1400 1205 1488 sormidolosissiinumque,
1237 1427 1330 1468 suasu
1352 1409 1399 1493 L.

66 1496 229 1579 Philippi,
254 1496 468 1577 proconsule
492 1496 602 1558 missus
625 1508 685 1559 c'st.
730 1496 804 1575 Quo
826 1495 950 1579 quidem
971 1508 1115 1576 tempore
1137 1521 1206 1561 cuin
1229 1512 1311 1562 esset
1335 1522 1398 1565 non

65 1613 158 1655 nemo
181 1591 362 1664 insenum,
395 1590 449 1674 qui
471 1590 590 1653 diceret
612 1612 675 1654 non
699 1601 851 1672 oportere
878 1588 954 1652 mitti
977 1590 1134 1652 homiuem
1155 1592 1312 1674 privatum
1337 1616 1398 1676 pro

64 1685 219 1758 consule,
250 1683 420 1767 Philippus
449 1683 564 1746 dixisse
596 1683 730 1758 dieitur,
766 1685 847 1747 Non
877 1706 913 1746 se
938 1684 1035 1756 illum
1056 1706 1120 1746 sito
1143 1686 1313 1749 serrtentia
1331 1711 1400 1770 pro

62 1781 225 1852 consule,
249 1779 311 1840 sed
323 1801 392 1861 pro
411 1778 607 1840 consulibus
628 1778 774 1840 mittere.
807 1775 924 1841 Cicero
944 1777 973 1840 in
987 1777 1158 1840 Maniliana
1180 1801 1209 1840 e.
1224 1782 1278 1844 21.
1310 1783 1400 1846 Idem

67 1872 213 1955 Philipp.
233 1872 300 1935 XI.
324 1894 396 1953 cap.
413 1873 445 1935 8.
490 1873 652 1954 Pompeio
672 1872 912 1935 Sertorianum
929 1871 1053 1933 bellum
1074 1893 1097 1934 α
1119 1886 1242 1935 senatu
1260 1875 1400 1956 pariuoto

64 1968 188 2030 ciatrem
207 1978 279 2038 οδω
310 1989 386 2029 ctetn
408 1970 450 2030 L.
474 1959 651 2048 Philippus
670 1965 954 2048 proconsulibus
979 1987 1013 2027 se
1036 1987 1114 2027 enan
1134 1966 1269 2030 mittere
1291 1968 1396 2045 dixit,

64 2081 135 2124 aion
156 2083 227 2144 pro
252 2062 402 2123 consule.
447 2059 565 2123 Scribit
592 2060 673 2122 ideru
700 2059 891 2122 Plutarchus
921 2057 951 2120 in
983 2058 1152 2139 Pompeio.
1199 2059 1397 2143 Comparato

64 2154 211 2218 exercitu
233 2157 359 2227 hostes,
391 2153 422 2216 iu
450 2152 631 2215 cervicibus
663 2152 721 2247 iapt
747 2153 855 2215 Italiae
879 2163 1026 2234 agentes,
1058 2153 1098 2213 ab
1122 2152 1259 2234 Alpibus
1284 2155 1315 2218 in
1339 2156 1401 2221 Hi·

65 2249 208 2330 spaniam
234 2245 398 2310 submovit
422 2246 622 2330 Galliamque
646 2247 783 2328 recepit,
825 2257 859 2307 ut
885 2244 952 2326 ipse
979 2248 1061 2327 apud
1087 2245 1255 2309 Salustium
1279 2248 1398 2333 fragm.

67 2343 124 2404 lib.
150 2341 220 2404 lIl.
245 2341 360 2402 histor.
385 2342 423 2401 ad
445 2352 585 2401 senatum
607 2340 730 2403 scribit.
768 2342 858 2405 Unde
874 2338 991 2401 Cicero
1012 2340 1042 2400 in
1060 2339 1232 2403 Maniliana
1256 2364 1326 2424 cap.
1346 2347 1397 2408 11.

67 2437 127 2510 ait,
153 2435 343 2517 Pompeium
367 2457 426 2515 per
446 2435 580 2496 Galliam
604 2434 782 2518 legionibus
805 2431 957 2495 lloumuis
976 2433 1006 2493 iu
1030 2432 1215 2514 Hispaniam
1239 2434 1300 2499 ite'r
1319 2438 1398 2501 Gal·

68 2530 175 2593 lorum
196 2529 412 2593 internecione
437 2529 638 2610 patefecisse.

151 2625 277 2687 Eodem
301 2625 363 2685 linc
387 2644 469 2688 anuo
494 2624 546 2686 M.
572 2622 696 2685 'stellius
719 2644 752 2684 se
778 2620 938 2703 recepite
969 2620 1123 2698 Graecia,
1153 2621 1282 2687 biennio
1307 2638 1398 2707 post,

65 2741 160 2806 quam
192 2740 234 2781 eo
263 2718 430 2800 profectus
460 2729 546 2790 erat,
579 2739 641 2777 nou
664 2719 761 2779 arando
785 2715 1006 2790 exercitatior,
1037 2718 1092 2777 sed
1118 2739 1221 2798 prope
1248 2731 1397 2784 mutatus.

65 2816 146 2877 Nam
173 2825 204 2875 et
228 2811 390 2875 contentio
413 2809 505 2873 nimia
528 2811 618 2873 vocis
640 2812 802 2872 resederat
824 2821 856 2869 et
880 2811 969 2892 quasi
994 2810 1176 2873 deferverat
1199 2813 1322 2888 sentiet
1352 2814 1400 2878 la·
1490 2861 1492 2866 ·

65 2909 254 2989 teribusque
283 2905 363 2967 vices
393 2918 424 2967 et
452 2905 602 2987 corporis
632 2903 799 2967 mediocris
828 2904 950 2966 babitus
978 2917 1173 2980 accesserat,
1210 2918 1242 2968 ut
1272 2905 1339 2989 ipse
1366 2908 1398 2972 in

67 3004 170 3067 Bruto
194 3024 226 3063 e.
247 3002 300 3064 91.
328 3011 471 3062 testatur.
518 2998 598 3064 Cum
622 3012 724 3062 atatem
752 2997 885 3069 Cicero,
911 3011 1042 3061 arietoee
1059 2999 1234 3063 Plutarcho
1258 3022 1331 3084 cap.
1349 3005 1396 3079 5..

68 3117 179 3181 magna
194 3117 251 3177 spe
265 3107 387 3156 erectus
397 3096 435 3155 ad
448 3116 512 3155 retu
522 3093 680 3174 publicam
694 3113 816 3154 siunmo
826 3092 931 3154 studio
941 3105 1123 3172 raperetur:
1139 3095 1312 3157 ardoreius
1326 3117 1399 3159 ora·

67 3191 140 3254 culo
162 3192 301 3274 quodam
327 3210 492 3268 repressus
524 3201 583 3250 est.
634 3190 713 3249 Natu
744 3209 811 3246 cum
845 3187 991 3269 Delphos
1020 3187 1185 3268 profectus
1217 3187 1400 3270 Apollinem

69 3284 297 3357 consuluisset,
323 3303 455 3366 quanam
482 3282 528 3343 via
553 3285 590 3342 ad
613 3304 761 3342 sitiruuam
782 3281 915 3364 gloriam
937 3280 1104 3359 pertenire
1126 3292 1258 3362 posset:
1285 3306 1399 3347 oracu-

71 3377 131 3440 lum
161 3377 280 3439 editum
310 3389 373 3449 cst,
407 3398 493 3437 suam
522 3389 684 3447 natiuam,
722 3397 784 3437 nou
812 3372 1015 3435 irridtitudiuis
1045 3372 1252 3454 opinionem,
1289 3380 1398 3441 ducem

71 3471 151 3551 vitae
173 3481 376 3555 sequeretur.
422 3469 628 3549 Qttapropter
659 3469 792 3530 lluumm
819 3488 965 3528 reversus
993 3465 1098 3549 primo
1130 3468 1237 3532 timide
1265 3469 1343 3533 dixit
1369 3483 1400 3533 et

71 3565 249 3627 dubitanter
269 3566 307 3625 ad
330 3564 470 3626 honores
493 3562 642 3624 accessit:
668 3584 724 3623 nec
748 3561 811 3623 ullo
834 3560 864 3622 in
888 3582 1018 3623 nitinero
1040 3561 1166 3624 habitus
1174 3607 1183 3638 ‚
1216 3566 1271 3626 sed
1294 3567 1400 3627 Grae.

71 3660 158 3722 culus
176 3670 272 3738 atque
294 3656 414 3720 otiosus
438 3657 609 3737 appellatus
634 3655 713 3728 fuit,
739 3677 819 3740 quae
842 3654 965 3717 noiraiua
989 3654 1102 3717 infimis
1127 3668 1158 3719 et
1180 3657 1315 3719 sordidis
1339 3659 1399 3722 ho-

72 3751 202 3815 miuibus
223 3751 254 3813 in
279 3762 431 3832 promptu
454 3771 522 3812 esse
544 3761 638 3834 atque
663 3749 693 3811 in
717 3770 774 3812 ore
797 3760 1044 3811 consueverunt.
1080 3751 1124 3814 Ut
1145 3771 1223 3812 vero
1244 3763 1275 3811 et
1293 3749 1396 3815 inuata

72 3850 227 3911 honorum
251 3844 422 3925 cupiditate
449 3845 559 3905 deictus
586 3856 616 3904 et
642 3843 740 3925 patris
763 3852 856 3927 atquc
880 3841 1052 3905 amicorum
1076 3842 1298 3906 cohortatione
1321 3843 1398 3907 inei·

71 3953 152 4003 tatus
173 3961 207 4001 se
238 3950 338 4001 totum
368 3936 556 4018 patrociniis
588 3936 733 4010 tradidit,
765 3958 827 4000 nou
852 3936 911 3997 iam
933 3938 1123 4017 pedetentim
1147 3936 1322 4017 principem
1349 3939 1398 4002 lo·

72 4056 138 4096 cum
170 4032 281 4114 petiit,
318 4036 373 4093 scd
402 4031 506 4093 statim
536 4031 635 4092 elusit
667 4030 845 4115 ceterisque
880 4032 1064 4094 oratoribus
1098 4031 1194 4111 louge
1227 4031 1398 4110 praestitit.

73 4129 233 4191 Hactenus
257 4127 470 4199 Plutarchus,
504 4138 537 4186 ut
557 4148 574 4187 a
598 4146 646 4187 me
674 4136 746 4187 ante
777 4145 877 4188 autres
908 4136 983 4188 octo
1016 4145 1190 4186 cosu'ersus
1217 4123 1296 4187 fuit:
1330 4128 1397 4203 ubi,

73 4223 156 4305 quod
182 4220 377 4283 Graecitltuu
406 4233 502 4305 atque
530 4220 667 4283 otiosum
698 4218 782 4296 dixi,
815 4218 868 4303 qui
896 4219 1069 4282 Plutarcho
1099 4230 1145 4278 est
1177 4215 1318 4303 Ιζναικὸς
1344 4226 1400 4286 καὶ

73 4309 303 4402 alamannia,
334 4327 459 4377 sceutus
483 4336 551 4376 sum
575 4314 793 4377 auctoritatem
816 4313 918 4376 nostri
942 4312 1097 4383 oratoris,
1127 4312 1180 4394 qui
1204 4333 1266 4392 pro
1292 4314 1417 4376 Sestio·

73 4431 138 4492 cap.
160 4410 214 4471 51.
259 4411 484 4485 Graeculum,
511 4408 628 4492 inquit,
652 4431 688 4470 se
709 4419 810 4491 atque
829 4406 978 4469 otiosum
999 4404 1118 4488 parituri
1136 4407 1261 4480 uoluit;
1283 4407 1400 4471 studio

74 4504 268 4566 litterarum
295 4524 331 4564 se
357 4503 471 4566 snbito
504 4501 610 4564 dedit.
669 4502 781 4566 Solent
810 4513 910 4562 autem
943 4497 1079 4562 Romani
1110 4499 1153 4561 uti
1186 4500 1400 4582 appellatione

77 4596 190 4659 Graeci
212 4595 326 4678 probri
349 4597 442 4671 loco,
468 4619 537 4659 cum
560 4597 791 4680 ignobilitatem
814 4593 986 4667 obiiciunt,
1011 4603 1044 4654 ut
1068 4594 1212 4658 Zonaras
1234 4594 1372 4658 scriniis

81 4705 135 4716 0¹-—

116 4742 142 4816 t)
164 4743 206 4797 sd
225 4744 301 4796 hone
320 4759 424 4796 anunm
446 4743 602 4797 Mtddleton
629 4744 663 4797 Τ.
684 4755 709 4802 1.
736 4764 762 4818 p.
783 4751 829 4804 78.
856 4749 998 4815 interpret.
1020 4740 1191 4796 Scideliauae
1212 4740 1295 4795 refert
1315 4746 1400 4797 Cicr-

10 4852 14 4879 ,
81 4827 150 4875 rorte
171 4836 235 4873 cum
255 4819 387 4872 Terentia
407 4824 527 4891 nuptias.
565 4821 669 4874 Contra
691 4824 731 4873 stc
752 4818 784 4873 de
805 4820 884 4872 rebus
906 4823 1048 4887 ciceroqn
1069 4816 1231 4873 dementata
1251 4816 1402 4891 disputavit
