3218 5310
626 262 865 329 HISTORIA.
1348 269 1386 331 17

62 407 207 469 oratori.
255 404 299 482 Q.
332 402 485 467 Scaevola
508 404 684 479 Pontifex,
718 425 793 478 seu,
828 415 862 466 ut
890 404 1058 485 Appianns
1088 428 1157 468 eum
1184 408 1323 471 nominat
1345 410 1386 472 B.

61 493 139 558 civ.
170 496 201 575 1,
230 497 304 573 83.,
340 491 491 574 Μούκιος
520 495 736 575 Σκιιιόλαςό
766 493 824 576 τὴν
848 495 1193 584 pepiornr‘Papaiore
1215 496 1389 590 ἱερωσύνην

60 583 248 676 ispaniam,
271 590 297 652 is
319 603 383 665 est,
408 612 500 674 quem
523 613 619 673 supra
642 592 802 656 consulem
826 612 894 652 cum
917 595 961 655 L.
981 591 1101 656 Crasso
1124 593 1221 657 luisse
1242 612 1327 659 ’5555
1348 597 1388 657 th

59 679 410 841 iblCICX'RCLVIll.
440 684 644 768 scripsimus:
685 687 723 747 de
753 685 841 747 cuius
879 700 982 752 515515
1018 690 1157 752 dicemus
1195 691 1234 752 ad
1273 709 1386 754 annuat

257 1085 359 1151 Anno
374 1087 471 1153 Urbis
481 1090 601 1155 DCLX
603 1092 654 1154 Vl.
668 1088 837 1158 Cicerdnis
846 1093 930 1155 XX.
947 1092 1188 1173 coss.fuerant

193 1227 272 1302 CN.
322 1228 597 1329 OCTAVIUS,
659 1234 704 1307 L.
755 1232 1039 1310 CORNELIUS
1092 1233 1259 1309 CINNA.

147 1384 225 1449 Hoc
248 1394 330 1449 anno
353 1384 454 1450 Cinna
477 1389 609 1465 consul,
642 1411 712 1452 cum
742 1388 937 1472 perniciosas
967 1390 1056 1473 leges
1088 1411 1147 1471 per
1176 1390 1238 1453 vim
1268 1391 1386 1465 terret,

63 1476 156 1542 Urbe
183 1499 200 1540 5
230 1476 293 1542 05.
319 1481 457 1544 Octavio
481 1483 606 1567 collega
630 1484 738 1566 pulsus
768 1496 833 1546 est:
866 1482 979 1546 Lirius
1008 1484 1064 1547 lib.
1090 1486 1255 1549 LXXIX.
1298 1486 1389 1551 Unde

62 1567 236 1635 Cicereia
260 1571 358 1666 Catil.
383 1575 448 1637 111.
472 1597 542 1658 cap.
569 1581 618 1640 10.
662 1579 716 1641 On.
748 1579 907 1640 Octavius
934 1579 1056 1640 consul
1093 1581 1196 1640 armis
1228 1600 1272 1641 ex
1303 1576 1392 1644 Urbe

61 1664 241 1747 collegam
261 1687 362 1729 suam
385 1671 539 1750 expulit:
575 1671 682 1733 omnis
704 1669 760 1729 laic
786 1667 884 1729 loeus
910 1671 1039 1730 acervis
1064 1689 1249 1750 eorporpm
1282 1676 1315 1732 et
1344 1671 1392 1728 ci·

56 1757 154 1817 riam
174 1758 343 1836 sangnine
367 1757 576 1824 redundavit.
627 1762 736 1842 Atque
760 1757 799 1818 ita
823 1759 939 1820 bellum
964 1757 1173 1821 Octavianum
1196 1769 1389 1822 commotum

61 1857 132 1908 est:
156 1845 245 1909 euius
267 1846 404 1910 meminit
428 1848 546 1916 Cicero
569 1854 625 1917 lib.
651 1854 679 1915 1.
704 1854 742 1913 de
765 1850 875 1914 Divin.
905 1871 975 1932 cap.
1000 1852 1031 1911 9.
1057 1863 1087 1912 et
1110 1851 1166 1912 lib.
1190 1851 1239 1913 11.
1263 1868 1334 1932 555.
1357 1852 1388 1912 5.

59 1943 101 2004 de
125 1940 246 2004 Natura
269 1938 427 2007 Deorum.
471 1944 580 2024 Tune,
608 1947 727 2032 inquit,
752 1945 860 2008 stellis
881 1946 941 2021 iis,
970 1963 1055 2025 quas
1080 1945 1203 2008 Graeci
1230 1953 1388 2019 cometas,

59 2036 173 2099 nostri
194 2032 321 2097 crinitas
349 2045 494 2115 vocant,
517 2061 607 2121 quae
630 2060 738 2120 nuper
765 2033 855 2097 dello
877 2035 1066 2095 Octaviano
1086 2055 1292 2115 magnaram
1307 2037 1391 2116 fae·

60 2137 142 2189 rant
168 2127 412 2190 calamitatum
432 2133 666 2208 praenuntiae.
705 2127 789 2190 Vide
814 2123 950 2186 Plinium
974 2124 1030 2184 lib.
1055 2124 1102 2186 ll.
1126 2145 1196 2205 cap.
1220 2128 1271 2189 ts.
1316 2127 1391 2189 Dis-

60 2215 222 2280 55551οηί5
243 2217 325 2280 inter
348 2219 517 2282 Octavium
540 2232 571 2282 et
595 2219 727 2284 Cinnam
759 2217 897 2280 meminit
921 2218 1038 2280 Cicero
1068 2218 1160 2280 etiem
1184 2222 1221 2281 de
1243 2220 1390 2302 haruspi-

61 2331 134 2374 eum
157 2332 246 2394 resp.
268 2335 339 2394 cap.
365 2314 417 2376 25.
464 2312 565 2377 Cinna
583 2316 670 2379 Urbe
694 2317 821 2398 pulsus,
847 2323 1031 2391 eorrrtptum
1050 2314 1138 2392 App.
1157 2310 1284 2375 Claudii
1299 2335 1393 2375 excr-

62 2406 160 2469 cium
189 2408 221 2470 in
250 2417 440 2489 potestatem
470 2430 556 2470 stiam
585 2409 726 2493 redegit,
763 2418 797 2469 ut
825 2406 937 2468 Livius
967 2405 1023 2467 lib.
1056 2406 1221 2468 LXXIX.
1252 2405 1392 2487 scripsit.

63 2500 155 2583 App.
184 2499 340 2577 Claudio,
375 2503 417 2566 P.
456 2501 560 2566 Clodii
589 2505 692 2585 patri,
727 2499 892 2583 imperinm
923 2500 984 2561 lioe
1023 2510 1168 2580 tempore
1199 2499 1391 2582 abrogatum

61 2592 160 2657 luisse
194 2592 314 2659 Cicero
345 2617 406 2679 pro
444 2599 539 2660 domo
578 2617 650 2680 cap.
680 2598 731 2659 tt.
759 2594 813 2658 ait.
868 2595 951 2654 'l'uin
989 2591 1116 2655 illarius
1153 2614 1223 2654 cum
1260 2591 1392 2676 reliquis

63 2686 229 2751 exsulibus
261 2710 302 2753 ex
338 2690 450 2753 Africa
484 2692 669 2767 arcessitus,
704 2712 774 2752 cum
809 2689 839 2751 in
870 2688 978 2749 urbem
1008 2687 1129 2768 recepti
1164 2699 1288 2772 essent,
1324 2706 1391 2749 eam

63 2782 152 2846 55151
175 2794 298 2864 captam
321 2784 470 2847 caedibus
493 2797 523 2847 ct
547 2785 664 2868 rapinis
689 2795 869 2846 vastarunt:
904 2802 964 2864 qna
989 2783 1027 2843 dc
1050 2802 1085 2843 re
1109 2782 1247 2844 Orosius
1269 2782 1324 2845 lib.
1348 2785 1392 2847 V.
1455 2822 1458 2829 ,

61 2896 133 2959 555.
160 2877 213 2943 19.
235 2888 267 2939 51
289 2898 352 2962 ego
374 2877 406 2940 iu
428 2900 498 2941 5155
521 2879 637 2941 loetum.
691 2879 777 2941 Hinc
800 2876 916 2941 Cicero
940 2885 1015 2955 post
1037 2876 1106 2937 red.
1130 2876 1161 2937 in
1184 2888 1295 2939 senatu
1318 2898 1389 2959 cap.

62 2973 115 3037 ts.
143 2970 206 3046 511,
252 2969 294 3036 C.
327 2973 469 3035 Marituu
498 2972 602 3035 reditu
631 2993 691 3036 suo
730 2982 871 3034 senatmn
909 2978 1055 3031 cunctum
1083 2990 1183 3051 paene
1219 2971 1388 3034 delevisse.

62 3064 147 3128 Tusa
180 3065 226 3146 Q.
250 3064 411 3142 Catulus,
436 3069 489 3131 111.
518 3067 702 3141 Antonius,
734 3064 776 3128 0.
805 3064 922 3136 151155,
956 3060 1052 3124 trium
1075 3075 1213 3127 aetamm
1245 3078 1393 3130 oratores

61 3154 148 3235 tres,
172 3172 248 3223 5551
270 3161 482 3224 assidelissirne
506 3160 682 3224 interlecti:
717 3157 835 3225 Cicero
863 3157 894 3219 in
919 3158 1022 3219 Bruto
1045 3177 1116 3239 cap.
1139 3159 1193 3222 89.
1252 3161 1295 3222 Et
1316 3161 1392 3223 Ma·

61 3253 129 3317 rius
150 3255 277 3339 quidem
301 3254 664 3324 Cinibrieae.victoriae
693 3254 825 3337 gloriam
855 3273 925 3315 cum
955 3251 1080 3333 collega
1106 3251 1223 3316 Catulo
1247 3275 1390 3316 commu·

63 3346 203 3411 uicerit:
238 3361 349 3430 postea
380 3371 458 3412 vero
489 3347 574 3410 cirili
603 3349 688 3412 bello
721 3348 823 3410 victor
853 3348 966 3433 iratres,
1004 3347 1188 3410 necessariis
1219 3349 1260 3427 Q.
1284 3348 1390 3412 Catuli

64 3442 309 3522 deprecantibus
332 3466 395 3508 non
417 3444 511 3506 semel
534 3443 720 3525 respondit,
744 3440 930 3503 Moriatur.
982 3440 1066 3500 tuen
1092 3442 1225 3503 'l'nsenl
1251 3445 1296 3504 V.
1321 3463 1391 3522 cap.

67 3535 123 3599 ts.
145 3534 295 3601 5105115
317 3537 372 3601 lib.
394 3538 462 3601 111.
492 3557 564 3618 555.
586 3534 638 3599 89.
671 3540 709 3599 de
732 3536 853 3597 Natura
876 3532 1044 3595 Deorum:
1078 3534 1143 3596 Cur
1169 3544 1219 3596 tot
1244 3537 1390 3596 civitatis
1476 3584 1491 3599 .

65 3631 235 3713 principes
259 3651 283 3692 a
305 3632 408 3695 Cinna
435 3628 646 3710 interempti?
674 3649 738 3691 ear
759 3628 910 3689 omniunt
933 3624 1229 3707 perfidiosissimus
1256 3624 1287 3686 0.
1312 3621 1391 3684 Ma-

63 3723 137 3785 rias
156 3722 196 3802 0.
217 3723 377 3786 Catulum
396 3721 685 3802 praestantissima
704 3717 869 3798 dignitate
888 3719 995 3791 viram
1014 3717 1104 3777 mori
1122 3717 1236 3794 potuit
1254 3712 1391 3775 iubere?

62 3810 118 3878 Μ.
135 3812 269 3879 Antonii
291 3813 324 3876 in
345 3813 383 3877 iis
406 3811 481 3894 ipsis
495 3810 641 3885 Rostris,
666 3809 696 3870 in
720 3808 833 3891 quibus
855 3805 908 3869 ille
931 3827 996 3868 rem
1020 3805 1177 3887 publicam
1201 3804 1390 3866 constantis-

62 3905 142 3970 sime
163 3908 276 3970 consul
299 3908 498 3981 defenderat,
533 3926 676 3988 quiesque
698 3923 813 3965 censor
834 3899 1047 3982 imperatoriis
1071 3897 1224 3961 manubiis
1246 3911 1387 3973 ornarat,

56 4001 201 4089 positum
224 4012 319 4084 eaput
340 4001 417 4063 illud
439 3999 515 4076 1511,
550 4021 567 4060 a
592 4019 656 4082 quo
678 4011 767 4063 erant
798 3994 968 4057 multorum
991 3991 1106 4056 eirimn
1130 3989 1233 4070 capita
1256 4010 1389 4052 conser-

56 4108 153 4160 vata:
176 4096 234 4161 lib.
257 4096 323 4160 111.
344 4116 415 4177 cap.
437 4095 469 4157 3.
494 4096 532 4155 de
556 4095 649 4158 Orat.
672 4103 704 4154 et
727 4088 860 4153 Tnsettl.
883 4089 929 4149 V.
956 4107 1028 4168 cap.
1055 4091 1104 4149 10.
1148 4084 1252 4144 Cinna
1280 4084 1390 4147 colle·

56 4210 130 4272 gae
156 4193 214 4254 sai
236 4191 388 4253 consolis
421 4190 477 4252 Gn.
509 4187 645 4248 Octauii
673 4183 830 4264 praecidi
862 4189 970 4260 55551
996 4182 1111 4255 155511,
1133 4178 1164 4238 l'.
1194 4173 1319 4252 Crassi,
1353 4174 1387 4235 1..

58 4280 234 4360 Caesaris,
260 4279 546 4342 nobilissimorum
567 4277 759 4346 dominum,
782 4292 927 4353 qaorum
950 4271 1052 4331 virtus
1069 4266 1192 4346 fuerat
1215 4265 1309 4325 domi
1330 4268 1391 4324 mi-

57 4372 226 4454 litiaeque
244 4371 399 4453 cognita,
421 4366 473 4432 M.
488 4364 624 4431 Antonii
638 4367 789 4427 omniurn
804 4359 1080 4443 eloquentissimi,
1103 4374 1189 4437 qnos
1207 4353 1387 4423 audierim,

60 4462 99 4529 0.
119 4460 291 4537 Caesaris,
313 4460 346 4521 in
370 4481 440 4542 quo
461 4456 547 4520 milti
564 4452 694 4521 videtur
702 4455 818 4534 faisse
837 4453 1006 4530 specimen
1029 4445 1268 4516 humanitatis,
1292 4443 1388 4530 salis,

58 4552 261 4626 5155115115,
291 4550 431 4630 leporis.
482 4548 532 4611 Dc
560 4545 608 4609 his
638 4545 783 4609 onunhus
819 4542 888 4604 vide
920 4538 1119 4621 proaemium
1156 4536 1211 4600 lib.
1246 4534 1313 4597 111.
1347 4535 1386 4594 de

60 4644 161 4711 oea.
204 4642 255 4706 De
278 4642 318 4705 P.
343 4639 465 4705 Crasso
488 4641 604 4705 Cicero
626 4661 687 4722 pro
710 4636 834 4710 Sestio,
869 4655 941 4715 cap.
971 4631 1024 4693 91.
1079 4631 1117 4693 ln
1146 4647 1218 4712 qna
1249 4629 1387 4690 civitate

60 4736 135 4817 ipse
169 4735 390 4799 noeminissem
419 4744 552 4816 patrem
581 4734 681 4797 ltaitrs
709 4731 761 4796 M.
786 4729 913 4802 Crassi,
926 4725 1161 4806 fortissimum
1181 4719 1312 4791 virum,
1345 4737 1386 4781 ne

59 4824 189 4893 rideret
212 4826 374 4889 rictorem
398 4826 490 4891 rivus
521 4825 720 4915 inimicum,
749 4818 868 4885 eadem
891 4815 958 4880 tibi
978 4834 1085 4880 mana
1114 4810 1220 4875 vitam
1251 4807 1385 4870 erlau-

167 4940 295 4989 emui.
314 4941 367 4992 cn.
384 4938 406 4989 t.
625 4952 628 4959 ·
887 4998 890 5003 ,
1088 4978 1094 4991 .
1115 4902 1138 4969 2
