3218 5310
214 303 253 363 10
630 298 682 360 M.
707 296 868 362 TULLII
881 296 1142 379 ¹CICERONIS

361 444 463 505 Anno
485 440 585 502 Urbis
607 442 765 503 DCLIX.
789 438 962 501 Ciceronis
987 442 1092 504 XIII.
1114 460 1200 502 coss.
1212 437 1370 529 fuerunt

213 586 254 659 C.
290 583 500 660 CAELIUS
537 582 752 677 etheus,
792 582 835 654 L.
874 581 1118 657 DOIII'IIUS
1151 581 1529 661 AHENOBARRUS.

297 740 437 805 Caelium
465 741 547 801 hune
579 739 660 801 inter
690 760 792 801 rtovos
823 736 963 799 homines
995 749 1137 799 nttmerat
1167 736 1285 801 Cicero
1318 759 1379 818 pro
1414 741 1529 803 Mure-

212 860 249 900 na
274 857 343 916 cap.
366 836 397 898 S.
423 835 535 913 (etQ.
560 833 677 896 Cieero
700 837 738 893 de
760 841 828 914 pet.
852 851 942 892 eous.
967 852 996 892 e.
1027 831 1056 895 3.
1085 837 1116 907 §.
1142 835 1231 910 11.).
1291 833 1434 894 Eundem
1467 856 1530 896 non
1555 822 1561 831 ⁵

212 930 422 993 mediocribus
444 927 611 990 inimicitiis
634 948 669 987 ne
692 925 854 987 laboribus
877 923 1093 997 contendisse,
1119 935 1152 984 ut
1175 925 1212 984 nd
1231 946 1369 986 sitnunos
1390 927 1530 988 honores

211 1024 407 1106 perveniret,
433 1021 526 1083 aitis
551 1024 649 1083 Verr.
673 1019 755 1082 VII.
779 1038 850 1098 esp.
870 1020 921 1078 70.
955 1017 1005 1079 De
1028 1019 1137 1080 eodeni
1156 1016 1291 1080 Crassus
1314 1019 1387 1080 libr.
1404 1020 1434 1082 I.
1458 1041 1528 1101 cap.

213 1120 267 1181 25.
291 1119 329 1177 de
352 1118 445 1179 Orat.
496 1115 582 1196 Quis
610 1133 677 1175 non
706 1111 836 1183 videat,
872 1113 910 1175 C.
935 1111 1068 1184 Caelio,
1105 1111 1240 1193 aequali
1269 1134 1363 1185 niso,
1403 1135 1530 1195 magno

211 1209 334 1275 leonori
346 1205 489 1299 fieisse,
514 1206 644 1268 leontini
672 1226 777 1278 nono,
802 1203 897 1266 iiiam
922 1204 1049 1285 ipsane,
1075 1224 1308 1288 quameunque
1334 1206 1470 1281 habuit,
1495 1206 1531 1267 in

211 1303 353 1367 ‹iieendo
387 1299 682 1364 mediocritatem?
726 1299 796 1359 Hae
826 1299 864 1359 de
894 1318 987 1359 caiisa
1017 1298 1155 1359 rneniinit
1185 1296 1250 1359 eius
1273 1298 1303 1359 in
1328 1299 1432 1361 Bruto
1456 1322 1528 1381 cap.

212 1398 265 1461 te.
310 1399 451 1458 Eundem
475 1394 680 1456 clarissinunn
705 1413 740 1452 ae
764 1390 969 1452 fortissinuun
993 1392 1222 1453 adolescentem
1245 1403 1444 1474 quaestorem
1467 1416 1530 1456 non

213 1510 281 1553 esse
302 1491 437 1563 iactum,
462 1489 503 1549 ait
527 1508 586 1567 pro
604 1485 735 1547 Plancio
759 1505 829 1564 esp.
854 1485 924 1556 ti,
958 1484 1010 1545 ubi
1034 1483 1132 1559 innle,
1156 1488 1198 1566 Q.
1219 1486 1354 1548 Coelius
1373 1485 1527 1570 legitur.¹

105 1614 109 1625 ¹
211 1586 255 1647 L.
278 1584 437 1649 Domitius
468 1594 598 1664 praetor
628 1579 762 1640 Siciliain
786 1576 983 1652 obtinuerat,
1019 1588 1113 1661 atque
1143 1578 1320 1639 severitatis
1349 1581 1526 1661 exeurpluur

212 1678 241 1740 in
264 1691 442 1759 pastorem,
468 1673 522 1757 qui
545 1696 656 1755 apruni
681 1671 836 1733 venabulo
858 1682 1077 1751 percusserat,
1113 1671 1266 1744 ediderat,
1297 1675 1381 1754 quod
1404 1694 1444 1734 ex
1472 1671 1527 1736 Ci-

211 1771 336 1834 ceronis
359 1773 461 1834 Verr.
485 1769 567 1831 VII.
591 1789 662 1848 esp.
688 1766 719 1827 3.
764 1763 914 1826 Valerius
937 1763 966 1825 in
989 1785 1061 1845 cap.
1085 1764 1117 1826 3.
1141 1765 1215 1827 libr.
1238 1767 1301 1829 vt.
1325 1766 1495 1829 transtulit.

337 2016 439 2079 Anno
469 2010 568 2074 Urbis
599 2012 738 2075 DCLX.
779 2007 952 2072 Ciceronis
986 2011 1084 2072 XIV.
1123 2029 1211 2071 coss.
1245 2006 1405 2100 ficerunt

372 2156 413 2228 C.
441 2150 692 2229 VALERIUS
718 2148 964 2245 FLACCUS,
991 2151 1039 2222 II.
1069 2150 1366 2229 HERENNIUS.

294 2311 343 2376 M.
372 2309 552 2373 Herennius
581 2308 608 2369 is
640 2319 703 2382 est,
739 2305 791 2388 qui
820 2305 849 2366 in
880 2305 1061 2366 consulatus
1091 2305 1241 2387 petitione
1269 2309 1311 2370 L.
1341 2308 1525 2391 Philippum

211 2405 393 2487 superavit:
425 2406 464 2465 de
495 2425 558 2485 quo
590 2400 707 2465 Cieero
737 2403 766 2462 in
798 2399 900 2460 Bruto
933 2418 1004 2477 cap.
1030 2400 1082 2460 15.
1134 2401 1259 2463 Eodem
1293 2411 1442 2481 tempore
1475 2402 1527 2464 dl.

210 2500 402 2562 Herennius
424 2499 457 2556 in
486 2492 708 2559 mediocribus
737 2494 945 2569 oratoribus,
965 2491 1083 2553 Latine
1104 2500 1134 2553 et
1157 2490 1336 2572 diiigenter
1357 2494 1528 2573 loquenti-

210 2588 290 2665 bns,
310 2596 506 2650 numeratus
525 2593 594 2649 est:
616 2586 677 2666 qui
699 2592 811 2646 torneu
834 2602 968 2647 summu
992 2579 1169 2644 nobilitate
1190 2582 1376 2659 bominem,
1398 2604 1528 2665 eogno-

209 2681 318 2753 tione,
339 2676 537 2753 sodalitate,
559 2673 735 2755 collegio,
756 2692 888 2736 sumnia
905 2672 1009 2737 etiem
1030 2671 1241 2752 eloquentia.
1262 2671 1299 2731 L.
1321 2673 1526 2753 Philippum,

210 2771 244 2831 in
273 2768 472 2831 consulatus
496 2768 656 2847 petitione
677 2769 867 2844 sirperovit5
896 2777 927 2827 et
953 2783 1014 2843 pro
1041 2761 1180 2823 Illinena
1210 2783 1268 2841 esp
1293 2765 1342 2824 ii.
1386 2766 1467 2844 Quis
1490 2766 1526 2827 L.

210 2860 424 2938 Philippum,
444 2876 575 2918 snmrno
600 2856 753 2936 ingenio,
790 2875 916 2935 opero,
950 2857 1085 2935 gratio,
1106 2854 1300 2930 nobilitate,
1332 2875 1354 2916 α
1379 2856 1427 2918 Μ.
1456 2857 1527 2920 He·

210 2951 325 3011 rennio
353 2949 511 3028 superori
533 2967 629 3027 posse
650 2945 833 3008 arbitratus
858 2948 930 3010 est?
981 2948 1100 3009 'I'otnin
1124 2966 1235 3007 annisus
1268 2947 1352 3009 dorni
1383 2947 1526 3033 lorisque

210 3039 409 3123 tranquillum
436 3038 533 3101 inisse
554 3039 741 3120 obsequens
767 3035 877 3100 scribit
899 3060 971 3122 cap.
996 3040 1070 3104 112.

677 3188 1084 3205 ———

408 3289 499 3353 durio
521 3288 617 3352 Urbis
636 3288 779 3352 nenti.
803 3289 969 3354 Ciceronis
989 3292 1062 3355 Xe.
1085 3314 1170 3356 eoss.
1183 3294 1332 3373 suerunt

332 3429 373 3503 C.
422 3428 669 3504 CLAUDIUS
717 3428 969 3526 PULCHER,
1024 3434 1074 3506 Μ.
1125 3433 1402 3509 PERPERNA.

293 3584 358 3649 Hie
380 3581 421 3647 C.
446 3582 596 3646 Claudius
617 3586 680 3664 Ap.
708 3584 747 3645 F.
772 3584 922 3647 diritius
948 3586 1106 3653 Cicerone
1128 3590 1266 3653 Vereins
1290 3591 1353 3654 IV.
1378 3613 1450 3674 esp.
1472 3594 1524 3658 ts.

212 3681 305 3748 Alii²
338 3699 399 3740 nou
431 3676 509 3738 uitale
543 3675 582 3738 C.
613 3677 651 3738 F.
676 3677 837 3757 appellare
862 3678 1025 3743 videnture
1061 3694 1095 3745 ut
1117 3682 1158 3747 sit
1179 3685 1220 3748 Ρ.
1245 3681 1353 3746 Clodii
1376 3699 1525 3767 patruus,

211 3798 302 3861 quern
325 3771 487 3835 consulens
510 3769 608 3831 inisse
639 3768 754 3833 Cicero
783 3771 813 3832 in
843 3771 991 3836 Caeliana
1020 3796 1093 3858 cap.
1117 3779 1170 3839 11.
1194 3776 1344 3840 ostendit.
1402 3778 1526 3843 Claudii

210 3860 334 3953 eolleign
357 3864 388 3927 in
410 3862 593 3944 ingruentis
617 3861 869 3944 Capitolinortnn
903 3867 1072 3931 Fastorum
1100 3870 1151 3933 Μ.
1182 3871 1347 3953 Perperna
1377 3887 1524 3938 vocntiu.

210 3966 401 4047 ilenne'onng
440 3958 520 4020 idern
559 3957 736 4019 norninntur
770 3982 785 4019 a
827 3958 932 4023 DIone
965 3961 1039 4023 libr.
1069 3962 1165 4025 XLI.
1205 3963 1246 4028 C.
1280 3966 1347 4041 tt,
1393 3967 1445 4029 ubi
1487 3970 1524 4029 de

210 4053 308 4137 ipsius
331 4064 434 4115 morte
456 4049 577 4113 scribit.
623 4052 697 4113 Hoe
718 4072 800 4115 anno
824 4073 940 4115 censor
962 4076 1032 4116 euin
1056 4054 1114 4119 Cn.
1140 4056 1282 4122 Dninitio
1296 4060 1412 4123 InitL.
1427 4058 1524 4122 Cras-

210 4165 282 4209 sus:
317 4147 404 4207 euius
427 4166 578 4207 censurae
601 4142 720 4208 Cieero
748 4143 779 4206 in
804 4142 891 4208 libris
921 4148 959 4207 de
982 4148 1121 4211 Oratore
1145 4149 1312 4234 aliquoties
1337 4150 1523 4214 mentionem

210 4238 299 4303 iacit.
354 4239 429 4300 Hoc
457 4237 547 4299 etiarn
577 4247 724 4318 tenpore
755 4237 924 4300 clarissima
954 4239 1005 4301 illa
1029 4240 1090 4302 Μ’.
1123 4240 1214 4306 Curii
1244 4256 1275 4307 et
1306 4244 1356 4308 nt.
1384 4242 1525 4325 Coponii

211 4350 305 4392 carisa
337 4332 418 4409 apud
449 4328 674 4393 Centrnnviros
708 4350 724 4391 a
756 4334 878 4394 duobus
907 4333 1124 4395 consularibus
1155 4349 1250 4421 atque
1278 4337 1457 4418 aequalibus
1480 4338 1523 4399 1..

211 4423 331 4488 Crasso
354 4434 385 4482 et
408 4421 449 4502 Q.
474 4423 629 4486 Scaevola
652 4422 777 4486 defensa
800 4437 869 4500 est,
905 4428 1014 4508 paullo
1045 4438 1115 4490 ante
1146 4453 1238 4515 quain
1268 4429 1384 4495 Cicero
1414 4428 1445 4491 in
1475 4430 1525 4491 io-

211 4539 280 4580 rum
304 4513 409 4588 venit,
445 4527 477 4576 ut
507 4528 640 4579 testatur
669 4514 736 4597 ipse
766 4538 826 4598 pro
850 4517 988 4583 Caecina
1011 4542 1081 4604 cap.
1109 4524 1159 4588 18.
1219 4523 1365 4588 Meminit
1387 4524 1523 4586 eiusdem

250 4695 278 4755 1)
298 4685 457 4742 Einendeeit
480 4688 534 4737 isin
555 4688 707 4741 Manutius.

249 4764 278 4840 2)
299 4765 337 4818 Ut
357 4782 380 4813 e.
400 4779 424 4813 c.
445 4760 603 4814 Lailernand
629 4779 656 4817 et
677 4764 750 4817 Fasti
771 4764 921 4838 Capitolini
951 4768 1085 4824 Pirnnesii
1112 4768 1351 4845 esnpplement03
1380 4769 1524 4843 Rumpitur

211 4845 325 4896 retinuit
346 4841 430 4909 Appii
442 4833 535 4909 filins.
