3218 5310
138 264 200 329 tat
387 258 729 327 MEMORABILIA
756 257 904 324 VITAE
931 252 1184 323 CICERONIS

157 485 229 536 duni
260 486 332 535 Ante

155 556 231 613 ihc.
258 557 331 611 GN.

354 736 468 820 lisque,
490 731 545 818 qui
559 749 620 817 pro
639 732 829 798 consulibua
849 731 892 798 ud
906 732 1019 799 urbem
1034 736 1146 820 erant,
1167 734 1340 823 negotium

355 826 460 914 dedit,
486 829 523 890 ut
548 829 721 910 curarent,
756 826 894 912 nequid
921 826 1129 912 respublica
1150 825 1339 894 detrimenti

355 922 499 1006 caperet.
541 912 679 1003 Cicero,
722 940 794 990 eum
820 921 947 985 trustra
964 921 1072 985 omnin
1096 925 1187 986 esset
1211 940 1339 1007 exper-

355 1019 423 1101 tus,
445 1032 531 1098 quae
545 1012 590 1081 ad
605 1012 814 1080 concordiam
825 1015 1041 1100 pertinerent,
1063 1016 1237 1100 postquam
1247 1011 1339 1084 Cae

353 1127 430 1192 sar,
450 1106 623 1173 Rubicone
640 1109 797 1191 traiecto,
819 1108 989 1193 complura
1007 1107 1130 1192 oppida
1145 1125 1338 1194 occupave-

353 1206 423 1284 rat,
454 1220 522 1268 una
542 1221 614 1267 cum
634 1203 840 1288 consulibus,
868 1204 922 1287 qui
940 1201 1131 1286 pompelum
1147 1204 1339 1288 sequeban-

354 1301 425 1381 tur,
452 1298 494 1363 ab
514 1296 606 1363 Urbe
627 1296 781 1363 discessit
807 1301 842 1363 et
864 1292 1011 1381 Capuam
1033 1312 1187 1378 oramque
1208 1298 1338 1362 remiti-

355 1410 437 1458 mam
459 1409 481 1455 a
506 1390 646 1455 Formiis
669 1390 822 1458 tuendam
843 1392 1000 1475 suscepit.
1043 1387 1220 1478 Pompeius
1240 1389 1339 1462 viii,

355 1483 431 1550 Kal.
455 1482 557 1549 Mart.
581 1483 790 1549 Brundisium
815 1487 918 1550 venit.
942 1485 1020 1551 vii.
1050 1485 1100 1553 ld.
1121 1487 1225 1553 Mart
1248 1481 1339 1552 Cae-

294 1654 296 1658 ,
355 1596 412 1644 aar
431 1575 475 1641 ad
499 1596 624 1642 munim
648 1581 760 1643 castra
784 1579 887 1661 ponit.
911 1576 1006 1645 XVI.
1032 1579 1108 1646 Kal.
1131 1582 1216 1666 Apr.
1235 1579 1339 1646 Pom-

355 1667 450 1757 peius
470 1669 670 1757 Brundisio,
710 1690 782 1737 cum
813 1673 962 1738 omnibus
986 1675 1108 1757 copiis,
1140 1675 1282 1740 navibus
1306 1678 1341 1739 in

355 1764 528 1833 Graeciam
545 1766 677 1831 traiicit.
720 1761 846 1831 Caesar
867 1767 1002 1850 postero
1032 1764 1086 1831 die
1104 1767 1260 1854 oppidum
1284 1771 1342 1833 in-

354 1871 492 1946 gressus
519 1860 553 1922 et
582 1861 799 1925 concionatus
830 1857 968 1935 Bonam
998 1860 1232 1945 proficiscitur,
1275 1883 1341 1949 quo

354 1955 388 2015 in
406 1954 524 2017 itinere
542 1948 660 2019 Cicero
684 1972 755 2018 eum
774 1955 941 2021 convenit.
968 1954 1045 2020 vii
1074 1955 1122 2020 ld.
1143 1956 1225 2042 lun,
1242 1958 1342 2041 post-

356 2064 451 2130 quam
468 2044 590 2130 Arpini
609 2047 673 2111 filio
697 2051 809 2135 togam
831 2065 944 2131 puram
967 2045 1122 2136 dederat,
1150 2046 1342 2133 Pompeium

356 2144 389 2205 in
411 2141 584 2210 Graeciam
616 2145 791 2206 secuturus
819 2158 938 2206 navem
971 2141 1174 2208 conscendit.
1215 2139 1343 2209 Caesar

356 2235 519 2319 Hispania
547 2234 688 2319 potitur,
720 2235 887 2319 superatis
913 2232 1061 2321 Pompeii
1091 2236 1232 2326 legatis,
1265 2239 1343 2301 eta

356 2326 406 2393 ita
428 2326 556 2414 Lepido
580 2329 739 2411 praetore
768 2325 912 2392 dictator
933 2324 1041 2394 dictus
1059 2327 1186 2394 Romae
1208 2331 1342 2396 comitia

357 2419 474 2505 babet,
495 2421 613 2505 quibus
634 2420 706 2504 ipsc
721 2437 793 2486 eum
809 2418 847 2485 P.
861 2416 1006 2487 Servilio
1028 2440 1096 2488 cos
1114 2425 1258 2489 creatur.

154 2581 232 2652 706
272 2580 323 2648 48
359 2570 455 2640 Coss.
497 2575 533 2733 cll
562 2573 674 2684 lulius
707 2574 832 2638 Οαεεαν
860 2576 929 2652 11..
965 2578 1005 2640 Ρ.
1042 2577 1207 2641 Servilius
1235 2577 1343 2644 Vatia
1378 2579 1430 2650 59

521 2689 691 2732 sanuserat.

401 2778 520 2844 Caesar
538 2781 623 2863 prid.
652 2783 739 2845 Nou.
766 2775 838 2845 lan.
866 2781 1037 2847 Brundisio
1062 2782 1093 2845 iu
1114 2782 1248 2864 Epirum
1275 2797 1342 2848 tra·

358 2875 440 2951 iicit,
465 2873 652 2955 Pompeium
676 2874 867 2956 Dyrrhachii
894 2876 1037 2954 obsidet,
1061 2876 1115 2961 qui
1129 2878 1200 2940 inde
1214 2881 1342 2961 elapsus

357 2969 474 3033 bellum
496 2967 529 3031 iu
551 2968 747 3031 Thessaliam
768 2971 942 3049 transfert,
963 2970 1017 3034 ubi
1036 2971 1162 3052 proelio
1180 2975 1219 3036 sd
1236 2973 1341 3038 Phar·

358 3064 457 3126 salum
480 3061 565 3145 prid.
591 3062 664 3125 Kal.
688 3062 764 3126 Oct.
789 3085 806 3126 a
829 3062 967 3128 Caesare
986 3064 1091 3128 victura
1109 3065 1139 3127 in
1156 3067 1340 3151 Aegyptum

359 3158 441 3244 lugit
485 3159 524 3219 ad
559 3156 776 3221 Ptolemaeum
816 3178 950 3238 puerum
993 3157 1101 3244 ibique
1137 3158 1340 3225 interficitur.

361 3251 481 3318 Caesar
500 3249 615 3312 bellum
633 3250 880 3313 Alexandrinum
902 3251 997 3334 gerit.

401 3364 519 3436 Cicero
537 3368 580 3434 ab
597 3370 696 3432 arnds
715 3366 889 3434 discedens
904 3367 1114 3434 Brundisium
1134 3371 1236 3436 venit

157 3522 235 3592 707
275 3521 328 3592 47
363 3525 397 3590 0.
420 3522 531 3587 Iulius
554 3527 677 3590 &esar
697 3523 747 3588 ir.
770 3519 938 3596 Dictator,
977 3523 1033 3587 M.
1062 3525 1234 3590 Antonius
1264 3528 1344 3591 iila.
1379 3521 1434 3594 60

504 3615 604 3700 gislei·
626 3614 794 3700 Equitum.

321 3740 327 3797 “.
405 3726 543 3820 Caesar,
564 3733 651 3798 bollo
674 3731 904 3798 Alexandrino
923 3735 1095 3822 contecto,
1131 3756 1243 3803 mense
1273 3733 1344 3805 Se.

361 3827 502 3916 ptemhri
518 3828 552 3890 in
574 3826 703 3891 ltaliam
720 3825 819 3891 rediit
839 3828 935 3913 etque
952 3823 1069 3895 Cicero
1096 3831 1227 3895 obviam
1258 3850 1344 3918 pro-

358 3922 469 3990 cessit.
511 3914 637 3984 Caesar
656 3923 693 3983 ut
713 3939 785 3984 eum
803 3921 865 3984 sibi
888 3938 1063 3988 occurrere
1076 3923 1176 4005 vtdit,
1198 3923 1344 3991 descen-

357 4017 406 4082 dit
432 4031 570 4097 eumque
588 4013 762 4092 salutavit,
800 4031 872 4078 eum
898 4033 1003 4099 eoque
1026 4016 1218 4102 colloquens
1239 4018 1344 4083 multa

357 4107 467 4176 stadia
484 4106 658 4192 processit
704 4104 824 4173 Paullo
843 4110 920 4192 post
937 4103 1073 4191 Cicero,
1100 4111 1155 4195 qui
1172 4129 1277 4196 usque
1298 4110 1344 4177 ad

356 4202 390 4269 id
418 4205 549 4288 tempus
574 4198 743 4266 Brundisii
773 4205 992 4266 commoratus
1025 4206 1114 4289 erat,
1152 4203 1187 4268 ln
1215 4201 1340 4271 Urbem

357 4299 460 4364 venit.

401 4403 520 4468 Tribus
549 4399 698 4466 extremis
728 4403 760 4465 h.
781 4422 811 4464 a.
837 4402 994 4466 mensibus
1026 4423 1111 4467 coss.
1139 4403 1269 4468 fuerumt
1296 4406 1340 4486 Q.

359 4497 469 4563 Folius
498 4494 637 4565 Calenus
666 4508 697 4560 et
738 4497 778 4562 P.
804 4496 962 4560 Vatinius.
1015 4496 1136 4564 Caesar
1166 4498 1231 4562 vi.
1265 4499 1342 4562 Kal.

358 4593 428 4655 lau.
455 4589 613 4670 Lilybaeo
637 4589 669 4653 in
696 4591 839 4654 Africam
869 4589 1008 4666 traiecit,
1045 4591 1159 4655 betium
1189 4594 1342 4656 adversus

359 4683 599 4765 Pompeianos,
624 4683 804 4767 Scipionem
823 4696 856 4747 et
880 4683 1036 4749 Catonem
1057 4696 1087 4748 et
1110 4686 1221 4748 Iubam
1246 4687 1341 4751 Mau·

360 4776 489 4840 uitauiae
515 4798 624 4860 regem
646 4789 808 4862 gesturus.
