3218 5310
205 262 244 325 tt
333 305 342 320 .
601 261 654 324 M.
683 259 846 324 TULLII
877 256 1127 325 CICERONIS

297 428 400 496 Anno
423 377 524 492 Urbis
546 430 790 494 DCLXXVH.
814 428 988 492 Ciceronis
1011 432 1143 494 XXXI.
1168 451 1256 492 cosa.
1270 427 1431 519 suerunt

375 553 452 647 cti.
480 570 754 669 nortona,
792 573 833 690 n
863 543 1163 649 scatrontns
1191 572 1355 647 cnuto.

287 726 338 793 De
355 728 403 792 bis
428 728 544 793 Cicero
567 730 596 790 in
620 730 721 791 Bruto
742 749 813 809 cap.
832 729 886 790 (ιθ.
924 731 985 792 Cu.
1010 728 1175 802 Sicinius,
1200 750 1277 790 atem
1299 730 1456 797 triturans
1477 736 1529 815 pl.

204 825 388 890 Curionem
410 835 441 885 et
465 823 644 887 Octavium
664 825 819 886 coasttlea
837 821 1064 904 prodttxicoet
1087 823 1258 906 Curioque
1285 826 1394 886 malta
1418 824 1532 891 dixia-

203 929 270 993 set,
295 916 430 979 aetlertie
449 918 510 979 Ca.
532 915 674 980 Octaoio
692 916 840 998 collega,
865 916 923 997 qai
945 915 1119 998 tlenincttta
1141 929 1216 977 erat
1235 915 1369 1004 fasciia
1387 928 1420 979 et
1440 921 1529 982 metl-

203 1010 250 1074 tie
268 1009 520 1073 medicamentis
538 1022 684 1092 propiet·
702 1010 855 1072 dolorem
872 1022 1013 1071 arton-m
1032 1009 1219 1073 delibutae:
1242 1012 1450 1095 Nunquam,
1476 1012 1529 1074 irt-

203 1102 295 1187 qttit,
327 1104 465 1179 Octavi,
491 1106 647 1186 collegae
672 1114 732 1165 ino
756 1102 906 1185 gratiam
932 1101 1085 1192 referem
1115 1099 1174 1186 qni
1199 1102 1267 1165 rtiai
1289 1124 1325 1165 se
1348 1124 1413 1167 sno
1435 1125 1530 1167 more

204 1284 332 1350 Toottall
359 1290 386 1336 in
408 1284 532 1357 Epistola
563 1300 616 1337 cet.
648 1303 675 1355 p.
705 1289 746 1340 tn.
787 1283 1044 1358 „Strpyootnnnirr
1074 1300 1205 1355 perquam
1236 1285 1387 1339 notabilem
1408 1287 1529 1341 eiiecitti

202 1358 284 1428 (ibid.
299 1361 332 1414 T.
352 1363 372 1412 l.
393 1380 418 1432 p.
437 1361 514 1429 185.)
536 1376 707 1428 mortemque
729 1361 813 1429 patria
831 1358 974 1409 Ciceronis
996 1363 1034 1409 tui
1046 1397 1053 1420 ,
1075 1357 1122 1410 lilii
1144 1361 1246 1413 natales
1268 1359 1391 1433 filiaeque
1411 1361 1531 1435 despon-

203 1441 339 1491 sationem
361 1441 390 1488 in
411 1440 491 1486 nnius
518 1439 582 1485 anni
610 1434 742 1486 ambitum
764 1433 941 1494 conclusisti,
970 1451 1025 1484 rom
1047 1440 1130 1485 etiam
1152 1442 1276 1488 omniurn
1297 1443 1531 1508 antiquiesimam,

204 1516 290 1586 patria
311 1515 442 1564 nimirum
465 1526 597 1572 mortem,
619 1515 646 1561 in
667 1514 730 1560 anni
752 1515 810 1559 eins
829 1523 934 1581 partem
956 1512 1133 1579 posteriorem
1156 1530 1239 1582 usque
1260 1511 1413 1567 detrusisti.
1445 1514 1529 1566 lllum

203 1603 343 1661 praeterea
370 1600 471 1638 annunt
500 1585 578 1656 plane
605 1585 759 1636 mirabilem
788 1582 871 1635 inisse
898 1583 967 1636 dicit
994 1601 1073 1648 enm,
1100 1589 1127 1637 in
1148 1603 1202 1655 quo
1223 1589 1411 1659 Cicero-ipse
1431 1589 1531 1642 contul

203 1663 360 1734 designatus
374 1660 466 1713 itterit.
497 1662 536 1712 lin
559 1677 649 1712 rerum
665 1661 807 1713 Ciceronis
823 1663 1003 1711 maximarum
1018 1659 1232 1732 pulcherrimum
1246 1679 1311 1714 sane
1325 1662 1531 1740 anparriptppml

203 1741 276 1791 unde
298 1737 347 1790 tibi
368 1741 453 1789 etiam
475 1737 611 1806 praeclara
632 1739 752 1805 cogitata
772 1750 930 1804 exsttrgnnt.
970 1736 1105 1787 Audacter
1129 1752 1218 1788 tamen
1239 1737 1345 1789 alfirmo
1365 1753 1459 1791 earnm
1483 1757 1531 1790 re-

203 1830 264 1867 rum
285 1828 420 1866 nonnam
442 1809 552 1882 quidem
573 1809 703 1863 incidisse
725 1815 751 1861 in
773 1827 873 1861 annum
895 1827 968 1873 eum,
988 1810 1149 1880 qnoCicero
1170 1813 1267 1864 consul
1278 1812 1446 1885 designatur
1468 1812 1532 1867 lne-

121 1899 124 1905 '
204 1895 239 1944 rit
260 1892 335 1956 (690.
357 1888 458 1955 Vara).
497 1885 568 1940 Nam
589 1891 661 1938 inter
684 1890 769 1957 patris
790 1901 907 1959 mortem
928 1902 953 1938 et
974 1886 1192 1955 ‹lesipnationem
1212 1889 1356 1940 Ciceronis
1378 1894 1530 1942 trienninm

204 1981 293 2019 totum
315 1980 476 2036 tempusque
497 1967 608 2033 intnper
628 1976 759 2014 semestre
781 1966 946 2012 intercessit.
979 1957 1120 2031 Siquidem
1143 1968 1165 2015 is
1185 1980 1309 2017 mortuns
1322 1979 1364 2017 est
1378 1965 1453 2018 vtti.
1467 1965 1532 2018 Kal.

203 2032 348 2093 lieccntbr.
386 2036 502 2092 Metello
519 2054 547 2093 et
565 2039 635 2108 Rege
655 2053 726 2088 coes.
745 2037 821 2109 (686.
845 2035 925 2091 van.
944 2031 987 2087 ttd⁸
1000 2037 1083 2089 Attio.
1105 2047 1130 2101 1,
1150 2042 1200 2102 6.).
1234 2037 1349 2104 Deinde,
1370 2055 1434 2092 cum
1456 2045 1533 2093 circa

201 2131 324 2168 mentem
340 2111 485 2165 Decembr.
506 2115 570 2164 armi
591 2117 660 2174 eius,
680 2117 725 2183 qui
743 2113 868 2163 Pisonem
881 2128 912 2180 et
926 2109 1107 2166 Glabrionem
1128 2131 1199 2166 coes.
1220 2113 1315 2167 habuit
1336 2113 1414 2186 (687.
1430 2117 1532 2182 Vara),

202 2188 294 2244 Tullia
314 2188 477 2260 deeponeata
498 2185 580 2239 inerit
601 2184 683 2258 (ibid.
706 2185 818 2258 Ep.5.),
840 2187 925 2239 :rb-ea
945 2185 1157 2259 desponsatione
1178 2186 1210 2241 ad
1233 2191 1375 2242 Ciceronis
1396 2189 1532 2263 designa-

202 2271 305 2320 tionem
327 2263 400 2316 idem
420 2261 476 2314 iere
498 2277 605 2331 tempus
625 2276 756 2312 semestre
784 2268 854 2312 uitro
879 2261 1022 2334 biennium
1044 2268 1231 2332 praeterierat.
1271 2265 1394 2336 Denique
1415 2267 1531 2320 Marcus

202 2341 272 2394 lilim
293 2355 395 2393 annom
417 2343 553 2408 integrum
576 2350 638 2388 ante
659 2353 738 2388 natue
759 2352 815 2399 ert,
841 2353 922 2407 qnam
944 2338 1041 2389 Cicero
1061 2344 1118 2390 c'os.
1139 2339 1305 2410 designatus.
1348 2345 1387 2391 iJe
1409 2341 1457 2393 iiiii
1479 2358 1531 2395 au-

202 2432 257 2469 tem
286 2414 476 2468 natalitiorum
504 2428 624 2476 tempore
650 2417 823 2462 certissimas
849 2429 892 2463 er:
919 2429 981 2462 nant
1003 2415 1102 2465 Cicero
1128 2419 1187 2486 ipse
1214 2417 1283 2468 dicit
1309 2414 1395 2481 (ibid.
1416 2417 1468 2489 Ep.
1489 2425 1529 2484 2.)

202 2491 232 2545 L.
246 2491 317 2543 Iulio
331 2490 468 2550 Caesare,
489 2489 521 2540 C.
537 2488 648 2537 liureio
667 2487 766 2552 Figulo
786 2504 857 2539 coes.
879 2488 942 2555 (ltus
964 2503 1054 2539 antem
1077 2493 1175 2540 Cicero
1195 2507 1251 2543 cos.
1273 2488 1416 2564 excepitz)
1431 2490 1530 2563 filiolo

202 2585 244 2618 me
264 2573 375 2616 ateetttm
395 2568 477 2618 crito.
519 2564 609 2616 Miror
636 2559 686 2612 tibi
715 2566 741 2613 itt
765 2578 886 2614 mentetn
914 2580 968 2614 non
990 2569 1095 2616 venisse
1115 2581 1186 2618 coos.
1206 2565 1364 2637 designatos
1385 2585 1445 2619 esse
1464 2584 1530 2620 eae-

202 2646 315 2714 pisaime
341 2657 411 2691 cors.
437 2639 539 2700 ἁπλῶς
563 2635 663 2688 dictos.
704 2637 744 2689 lta
768 2636 828 2690 Lib.
851 2642 877 2694 6.
906 2638 955 2710 Ep.
976 2646 1002 2697 8.
1035 2639 1168 2692 Lentrrlnr
1190 2657 1244 2692 eos.
1281 2640 1405 2714 Philipp.
1426 2645 1480 2708 14,
1503 2649 1530 2704 5.

200 2718 300 2769 bellam
318 2715 486 2781 inexpiabile
505 2710 596 2783 inferi
615 2720 751 2781 qnalinor
763 2731 833 2765 coss.
855 2714 959 2779 (Hirtio
973 2730 1000 2766 et
1016 2717 1100 2768 Pansa
1116 2732 1202 2778 cosa,
1224 2720 1258 2770 D.
1269 2719 1358 2770 Bruto
1370 2732 1399 2771 ai
1413 2718 1529 2783 Planco,

201 2809 272 2845 cosa.
292 2790 455 2863 designatis)
477 2807 547 2840 artus
566 2792 686 2840 otaaimtt
706 2788 848 2839 latronum
869 2796 1037 2843 teterrimas.
1078 2791 1147 2843 Fieri
1170 2808 1223 2842 non
1245 2795 1350 2863 potuit,
1379 2808 1408 2844 ut
1429 2797 1530 2858 (hecar

201 2884 229 2921 et
248 2865 357 2940 Figulat
378 2871 433 2918 iarn
455 2869 506 2937 ipsi
529 2861 655 2915 consules
676 2880 777 2917 essent.
819 2866 943 2932 Quorsus
971 2869 1174 2919 emmarricus
1202 2884 1294 2920 meme
1315 2866 1444 2920 Ianuario
1467 2887 1530 2943 pro·

201 2948 275 2997 ximo
295 2942 452 3006 adveniret,
480 2957 510 2993 nt
536 2937 671 2991 nobilium
697 2938 849 2991 voluntates
876 2956 902 2992 et
929 2939 1057 3012 suffragia
1077 2942 1206 2994 Ciceroni
1233 2939 1390 2996 roneulmtte
1415 2949 1529 3015 petitori

201 3019 378 3083 conciliaret,
414 3033 478 3070 com
505 3017 669 3067 Ciceronem
704 3030 762 3067 tum
790 3017 886 3068 iniiaee
914 3020 1119 3086 magistratum,
1156 3035 1211 3068 non
1237 3015 1344 3072 ambire
1369 3023 1530 3090 oporteret?

202 3097 328 3166 Denique
347 3108 410 3145 ante
432 3093 509 3145 illum
527 3096 615 3162 ipsum
632 3107 752 3141 tuentem
769 3090 926 3143 ianuarium
944 3096 1067 3152 atticus,
1091 3107 1159 3145 teate
1175 3092 1295 3161 Nepote,
1315 3090 1420 3159 adluit,
1442 3096 1531 3147 Cotta

201 3174 354 3222 etiamtunc
375 3183 401 3220 et
423 3167 567 3236 Torquato
587 3182 656 3216 cors.
678 3168 754 3230 (659.
773 3165 879 3233 Vara),
905 3181 968 3218 cum
989 3170 1088 3219 Caeear
1115 3183 1141 3219 et
1161 3167 1272 3239 Figulus
1301 3187 1362 3220 enm
1383 3177 1531 3241 magistra·

201 3262 259 3298 tum
273 3245 395 3298 nondum
415 3247 550 3296 iniissent.
584 3239 635 3293 Sed
657 3255 684 3291 ct
699 3243 810 3292 ilosium
832 3246 921 3313 ipsum
943 3246 1081 3293 verissime
1102 3259 1262 3295 monentem
1282 3243 1375 3295 andire
1396 3246 1526 3298 noluisti:

200 3321 269 3374 Cam
295 3325 339 3370 ait
358 3320 472 3382 Cicero,
503 3321 591 3388 ioqnit
619 3314 679 3378 ille,
709 3316 830 3367 Caesare
858 3325 887 3366 et
906 3317 1005 3383 ligula
1025 3314 1120 3375 cosas
1137 3336 1192 3368 nore
1219 3327 1327 3389 tempus
1344 3327 1443 3381 nolui,
1475 3341 1528 3390 qno

144 3412 149 3421 ·
200 3397 242 3447 llll
260 3400 398 3455 inierant,
417 3393 469 3443 sed
485 3409 537 3461 qao
557 3391 701 3456 designati
720 3399 792 3443 artai.
816 3421 846 3432 -
871 3391 902 3443 V
901 3393 970 3442 alerii
988 3392 1106 3444 detartnrt
1126 3411 1219 3444 reram
1238 3395 1363 3445 Atticam
1377 3392 1451 3466 fieri
1469 3414 1529 3447 cer.
1592 3407 1596 3423 ·

200 3477 315 3533 liorem,
341 3469 548 3535 desigaoiinrst'e
571 3484 643 3518 cose.
670 3474 697 3515 ei
717 3467 774 3517 diei
793 3468 899 3518 natalis
917 3465 982 3534 filii.
1022 3469 1049 3520 Si
1078 3485 1139 3519 vero
1166 3468 1223 3520 dics
1247 3470 1346 3522 natalis
1368 3469 1457 3523 Marci
1479 3471 1528 3524 lilii

201 3551 240 3601 ita
259 3548 459 3609 connituntur,
485 3547 509 3597 ir
533 3559 589 3595 nuo
616 3556 723 3595 tontum
745 3554 817 3593 auno
840 3549 931 3594 minor
951 3558 1018 3596 nant
1037 3548 1089 3596 erit
1110 3560 1192 3614 quam
1213 3546 1333 3613 Quintus
1354 3545 1436 3600 iiiior.
1475 3547 1529 3598 llic

199 3627 274 3676 enim
301 3635 427 3694 praetore
457 3616 591 3672 Cicerone
617 3619 698 3680 (687.
721 3618 812 3680 Varr.)
838 3634 917 3670 natns
945 3635 1001 3681 ert,
1029 3636 1092 3670 curn
1121 3619 1211 3690 paulin
1239 3636 1301 3671 ante
1326 3622 1441 3674 comitia
1468 3625 1527 3675 eine

200 3701 338 3770 praetoria
356 3697 508 3766 Pomponia
531 3709 697 3762 praegnans
712 3709 772 3745 esec
792 3697 925 3767 coeperit.
965 3692 1054 3758 (ibid.
1075 3693 1125 3765 Ep.
1147 3699 1210 3760 10.)
1232 3695 1327 3763 ltaque
1348 3712 1405 3748 nno
1424 3701 1529 3769 pariter

200 3790 272 3826 anno
299 3775 387 3826 uana
414 3785 477 3841 toga
503 3784 570 3842 pura
598 3769 729 3822 donatum
758 3767 886 3822 Marcum
913 3774 1064 3820 invenimur
1104 3767 1156 3834 (ad
1177 3771 1263 3822 Attio.
1282 3772 1315 3834 6,
1338 3781 1351 3827 1
1373 3787 1401 3824 et
1420 3776 1453 3834 9,
1473 3769 1527 3844 6.).

200 3850 240 3901 Ex
259 3847 412 3900 rationibut
434 3859 526 3897 autem
548 3860 561 3892 a
584 3856 610 3895 te
630 3843 719 3896 ductis
740 3847 875 3896 intereat
898 3861 938 3896 rea
959 3843 1101 3896 biennium
1123 3859 1211 3896 totum
1228 3852 1358 3898 interesse
1373 3847 1528 3918 oportebat.

199 3922 242 3978 De
262 3923 368 3976 Tulliae
390 3938 471 3992 porro
492 3923 610 3989 nuptiis,
640 3924 664 3971 ei
685 3934 732 3969 eae
754 3936 840 3982 recte,
871 3924 910 3970 uti
934 3918 1068 3985 diximus,
1097 3923 1260 3990 reiiciantttr
1281 3925 1309 3973 in
1330 3937 1431 3975 annum
1452 3939 1527 3987 eum,

200 4004 245 4069 qni
262 4000 388 4067 Pisonem
410 4014 435 4048 et
451 3995 631 4048 Glabrionem
652 4012 723 4047 coss.
746 3994 841 4047 ltabnit
859 3998 936 4059 (687.
952 3995 1052 4063 Vara),
1074 4013 1184 4058 vereor,
1210 4012 1238 4048 ut
1260 4011 1285 4048 tc
1307 3997 1341 4047 ab
1361 3997 1415 4049 alio
1435 4015 1528 4050 errore

200 4089 285 4144 eoque
323 4075 484 4144 gravissimo
523 4072 598 4121 circa
629 4070 773 4122 Ciceronis
806 4075 891 4142 iptiur
917 4075 1027 4141 nuptias
1053 4067 1198 4121 defendere
1225 4076 1322 4144 possis.
1368 4073 1438 4125 Nam
1467 4089 1527 4125 tum

200 4151 321 4201 triennio
346 4147 427 4200 altius
449 4143 656 4199 constituendae
677 4144 783 4198 Tulliae
803 4146 914 4218 nuptiae
932 4160 1013 4209 attnt,
1044 4161 1125 4215 quarn
1147 4160 1204 4196 tute
1225 4151 1406 4199 constituisti.
1446 4149 1528 4201 Anno

199 4239 291 4275 autern
312 4239 361 4285 eo,
382 4227 428 4292 qui
450 4238 512 4275 ante
532 4221 675 4272 Ciceronis
697 4220 871 4272 consulatum
892 4217 959 4283 luit,
979 4238 1112 4290 quemque
1134 4235 1163 4271 tu
1183 4221 1290 4274 Tulliae
1311 4227 1414 4294 nuptiis
1435 4220 1528 4275 desti-

199 4301 287 4360 nanti,
308 4296 353 4348 illa
375 4298 415 4350 tel
437 4313 462 4350 te
482 4312 611 4360 anctore,
634 4300 680 4366 qui
701 4297 864 4349 Ciceronem
883 4300 1036 4348 etiamtunc
1057 4295 1190 4348 caelibem
1211 4315 1244 4348 ex
1263 4298 1380 4351 Graecia
1402 4295 1527 4362 abducit,

200 4377 298 4425 aetatis
319 4389 420 4424 annom
443 4368 713 4425 tertiumdecimum
735 4387 839 4424 tantum
859 4375 1052 4442 compleverat.
1088 4382 1180 4442 itaque
1201 4377 1253 4424 nisi
1274 4371 1355 4425 altius
1377 4371 1448 4424 diem
1468 4378 1527 4427 eius

199 4445 320 4501 natalem
342 4463 512 4517 repetamus,
541 4449 639 4500 Pisone
660 4463 687 4498 et
708 4445 858 4500 Glabrione
878 4462 951 4498 cors.
972 4451 1068 4499 aetatis
1090 4462 1191 4499 annom
1213 4446 1350 4500 decimum
1378 4455 1426 4512 (ut
1447 4449 1528 4500 arbi-

201 4541 258 4577 tror
284 4521 428 4594 equidem,
457 4526 581 4596 nonum)
603 4539 631 4574 ut
660 4540 814 4585 summum,
841 4520 1002 4574 coniecerit.
1041 4522 1080 4574 Ea
1101 4537 1189 4576 aetate
1210 4540 1239 4576 ιιι
1259 4538 1343 4594 nupta
1365 4522 1410 4575 illa
1432 4521 1526 4588 inerit,

111 4598 114 4603 ’
200 4606 277 4674 ipse,
303 4612 333 4651 ut
354 4601 469 4667 opinor,
497 4614 666 4668 nequaqnam
694 4600 867 4651 asseveratio.
904 4594 936 4650 id
957 4612 1047 4649 tamen
1069 4598 1216 4650 tenendum
1239 4604 1394 4650 treceasario
1415 4615 1474 4661 est,
1502 4604 1525 4653 si

200 4672 297 4729 eodem
326 4688 352 4725 te
381 4689 490 4724 auctore
517 4677 657 4725 Ciceronis
683 4677 793 4746 nuptias
820 4669 938 4724 adeitta
959 4690 991 4723 ex
1012 4672 1128 4726 Graecia
1149 4678 1334 4727 reversionem
1355 4675 1525 4727 differamus.

199 4751 240 4806 Eo
261 4754 345 4821 igitur
366 4765 422 4800 rent
443 4745 564 4810 deduco,
585 4763 615 4802 ιιι
626 4749 725 4801 Cicero
746 4765 858 4803 osorem
878 4761 942 4800 ante
962 4745 1084 4817 duxerit,
1104 4765 1185 4821 qnam
1207 4755 1259 4802 iter
1280 4748 1346 4800 illud
1367 4753 1475 4822 insigne
1497 4755 1525 4804 ln

200 4827 345 4881 Graeciam
367 4824 515 4895 Asiamque
534 4823 715 4898 antceperr't.''
