3218 5310
145 214 208 278 158
547 207 601 276 M.
626 207 766 275 Tune.
793 203 1077 275 CICERONEM

139 359 281 427 hominis
300 358 457 426 herctdeo
479 357 595 424 labore
616 359 717 440 atque
742 352 907 420 industria
929 359 1050 441 quarta
1071 358 1170 441 parte
1185 359 1341 422 auctior.
1377 356 1484 425 Vene-

141 457 214 535 tus,
237 474 280 520 ex
303 454 355 519 oti.
376 452 502 519 Aldina
525 447 641 516 1370.
684 449 759 515 Fol.
802 446 936 515 uota.
958 447 1080 534 Praeti
1101 469 1294 518 uersatum.
1315 451 1484 537 [01427.

138 567 233 615 stunc
255 548 345 615 btrsts
364 547 551 631 columasts;
571 543 634 630 fol.
656 542 691 610 1.
713 562 783 609 arou
806 561 900 609 ruam.
923 561 1003 609 curn
1023 563 1167 610 narcara.
1209 543 1257 610 lt

226 672 267 684 -
291 673 330 686 -
352 641 448 707 Nunc
472 643 590 705 iterum
613 635 746 703 dimidia
768 635 841 702 fere
863 639 961 721 parte
982 640 1122 703 auctior.
1164 635 1194 704 2
1223 638 1370 706 Partes
1411 641 1482 708 [bid

143 733 261 806 1376.
290 737 362 802 Fol.
388 734 466 802 Fal.
488 734 552 802 12.
573 729 695 812 Proef.
716 749 818 817 pepp.
833 727 921 795 636
943 736 980 796 et
1001 729 1108 818 472,-
1129 732 1264 800 detude
1288 730 1423 802 tamer.
1449 737 1481 803 R

98 914 102 923 ·
225 826 335 892 Editio
357 824 621 910 praecedentibus
646 819 746 885 turrito
771 818 908 882 auctior.

224 958 267 970 -
294 926 474 1010 thesaurus
500 921 742 992 Ciceronianus
773 920 853 1001 post
879 917 970 985 Mor.
997 920 1137 1002 leolii,
1164 919 1279 987 Baeil.
1304 921 1480 994 zanetus

141 1024 236 1090 atior.
259 1039 382 1107 operas
403 1018 592 1106 perlitare.
608 1011 887 1100 Squarcialupum
909 1012 1062 1104 digestam
1079 1019 1115 1082 et
1131 1015 1347 1084 illustratus
1375 1020 1479 1110 bugd

141 1117 225 1183 Ant
247 1114 291 1182 de
311 1115 427 1202 Harsy
450 1109 568 1179 1580.
612 1109 686 1175 aot.

225 1207 390 1278 Nurum
414 1228 442 1274 s
465 1204 643 1272 thesaurus
664 1197 909 1270 Ciceronianus
938 1195 1043 1268 caelu
1071 1197 1226 1268 Secundi
1248 1200 1418 1275 curtum,
1440 1211 1481 1276 ι..

143 1308 224 1375 bore
252 1307 318 1370 lam
345 1302 582 1379 olim‘nuctus,
605 1296 763 1365 Marcelli
784 1293 926 1363 subinde
946 1290 1185 1383 Squarcialupt
1215 1298 1340 1366 studio
1367 1308 1482 1370 netas

141 1399 360 1490 digestasque
385 1415 474 1462 nunc
502 1393 631 1462 demum
659 1411 681 1457 a
707 1391 778 1457 lac.
805 1385 951 1456 Gellario
977 1389 1217 1474 locupletatus
1264 1391 1355 1461 Cum
1381 1396 1478 1465 indies

141 1489 295 1562 ciceron.
322 1509 441 1557 vocum
466 1491 619 1555 barbaris
647 1484 901 1551 substituturum
930 1483 1079 1548 auctiore
1101 1501 1153 1549 ,ex
1177 1484 1401 1556 diversarum
1421 1489 1479 1558 ca

141 1584 323 1653 editionum
350 1582 438 1649 fideli
463 1579 653 1649 collatione.
706 1576 877 1649 Basileae,
913 1593 956 1640 ex
989 1575 1044 1641 od.
1076 1576 1236 1666 llervag.
1273 1601 1341 1668 per
1370 1583 1478 1652 rm

49 1694 52 1703 ’
141 1674 357 1767 Episcoplum
382 1675 499 1744 1533.
520 1697 561 1742 m.
581 1673 718 1764 Septhr.
760 1669 835 1736 aar.

224 1803 267 1817 -
287 1803 329 1814 -
349 1771 523 1863 Lugduni,
551 1772 666 1860 Harey
688 1769 806 1838 1334.
847 1765 920 1831 Fal.

226 1869 352 1936 Eiusd.
378 1865 558 1932 thesaurus
579 1861 829 1934 Ciceronianus
871 1863 1041 1948 venetiis,
1069 1861 1163 1951 apud
1190 1864 1409 1936 Domlnteum
1428 1869 1478 1936 11-

141 1966 285 2035 colinum
312 1959 427 2029 tout.
470 1960 543 2026 Fol.

226 2046 257 2143 †
286 2056 425 2123 :Hamus
452 2051 617 2120 Ntzoltus
645 2075 672 2119 s
702 2052 880 2120 thesaurus
902 2047 1154 2120 Cicerordsuns.
1201 2051 1297 2120 Post
1328 2076 1477 2144 nunquan

142 2151 227 2219 satis
253 2149 407 2216 laudatas
436 2167 558 2234 operas
578 2147 681 2214 Basil.
701 2147 850 2237 ZancM,
877 2144 984 2215 erem
1001 2142 1153 2214 Secundi
1180 2144 1371 2240 Curionis,
1392 2150 1478 2220 Μαι.

141 2247 218 2314 cetu
239 2241 473 2331 Squarcialupt
492 2261 614 2332 magno
633 2242 750 2310 labore
771 2247 807 2310 et
827 2239 939 2308 studio
961 2242 1036 2307 olim
1057 2246 1210 2329 maetam,
1242 2264 1344 2312 nune
1367 2245 1477 2313 deman

143 2360 205 2428 per
218 2341 288 2406 lac.
299 2335 477 2406 cellarium
491 2338 727 2422 locupletatus.
749 2335 865 2423 Basti,
883 2332 1258 2422 sebastttemtcpetrt
1281 2337 1403 2408 1305.
1419 2340 1477 2408 l'at

226 2459 267 2472 ··
290 2462 331 2474 -
352 2431 567 2498 Fraueoiurtl
591 2426 708 2497 1013.
750 2430 823 2495 rot

225 2521 336 2585 Editio
357 2521 535 2612 etiamnunc
558 2519 712 2604 quaesita.

104 2635 108 2665 ¹
172 2709 197 2783 6
227 2646 269 2659 -
290 2651 330 2662 -
353 2621 531 2686 thesaurus
547 2616 797 2686 Ciceronianus.
827 2615 997 2702 venetiis,
1017 2612 1108 2703 apud
1122 2614 1261 2708 Georg.
1278 2621 1474 2691 Valentin-

145 2715 166 2784 1
199 2711 264 2781 30.
306 2714 381 2780 aot.

227 2807 266 2869 ln
289 2804 400 2870 lodice
420 2821 572 2884 expressa
592 2809 640 2864 est
660 2819 779 2864 ancora
798 2798 929 2865 Aldina.

226 2933 269 2946 -
297 2906 481 2990 apparatus
510 2903 602 2967 latin.
629 2901 786 2967 locution.
808 2900 885 2964 olim
907 2917 969 2985 per
988 2899 1135 2968 Marium
1153 2903 1339 2973 Ninolium
1360 2926 1403 2975 ex
1419 2902 1471 2975 (it

143 3001 237 3067 libris
261 2998 424 3067 collectus
451 3013 540 3062 none
569 2995 678 3062 denuo
710 2997 842 3061 auctior
866 2993 979 3061 fact-rm
1007 3027 1049 3038 -
1077 2999 1227 3066 auctore
1257 3000 1371 3069 Alex.
1398 2999 1473 3070 Soet

141 3094 233 3161 Edit.
255 3095 432 3180 postrema
474 3088 651 3177 Genusus,
673 3088 764 3174 apud
783 3089 854 3155 lac.
874 3085 979 3155 Stoer
1002 3084 1118 3155 1642.
1161 3091 1206 3158 4.

222 3183 475 3248 Ῥηεοοεεετιιηῑ
502 3181 581 3242 aliae
611 3179 782 3242 nonnullae
811 3179 895 3240 Edd.
923 3178 1061 3242 aSeoto
1086 3191 1239 3246 curatae.
1289 3184 1329 3249 1s
1349 3185 1473 3270 singutas

142 3276 234 3340 locos
263 3275 385 3338 rettulit
413 3277 451 3337 ad
477 3274 699 3357 paragraphus
729 3271 955 3348 Gruterianas,
986 3293 1056 3334 curn
1085 3273 1116 3336 in
1142 3281 1421 3357 praecedentibus
1442 3280 1472 3341 ad

141 3372 275 3455 paginas
299 3368 457 3433 Editiouis
477 3368 612 3433 Aldinae
634 3378 757 3431 notatas
780 3365 810 3430 in
835 3365 975 3429 Ernestii
995 3367 1058 3430 Ed.
1080 3369 1172 3452 Opp.
1198 3392 1296 3437 ornn.
1324 3377 1416 3437 atat.
1434 3393 1472 3435 re

144 3466 297 3530 serantur.

227 3561 257 3618 ἔ
283 3562 409 3630 Eursd.
437 3562 570 3627 lexicon
603 3556 857 3629 Ciceronianam
890 3577 936 3624 ex
966 3578 1096 3628 recens
1123 3561 1232 3630 Alex.
1266 3563 1374 3636 Scott
1401 3585 1473 3634 nme

142 3661 268 3727 crebris
291 3660 373 3725 loeis
396 3659 557 3724 reiectum
580 3659 614 3721 et
641 3656 851 3721 inculcatum.
893 3653 1072 3721 Accedunt
1093 3656 1244 3741 phrases
1266 3667 1307 3727 et
1328 3664 1472 3729 formulae

141 3748 278 3844 linguae
299 3754 423 3818 latinae
445 3770 487 3815 ex
507 3751 750 3816 commentariis
767 3743 887 3834 Steph.
911 3747 1024 3816 Doleti
1050 3741 1220 3832 (curante
1243 3752 1321 3822 loe.
1337 3755 1470 3823 Facete·

142 3841 242 3930 lull).
284 3846 435 3930 Patavii,
455 3847 548 3932 typis
567 3846 733 3909 seminarit
754 3839 870 3910 1734.
912 3848 987 3914 Ful.

227 3936 313 4000 Huic
335 3934 478 3998 Editioui
508 3934 606 4014 uolgo
632 3933 730 3997 uudto
756 3931 853 3995 maius
880 3937 1016 4019 pretium
1040 3933 1138 3998 tribui
1157 3937 1269 4014 solet,
1308 3962 1404 4026 quam
1426 3959 1470 4023 per

141 4056 176 4099 se
203 4043 344 4116 spectata
373 4028 487 4092 mereri
515 4029 652 4089 videtur.
697 4027 824 4090 Etenim
850 4051 910 4110 per
939 4029 1121 4094 diuturnum
1144 4050 1244 4097 usum
1267 4057 1390 4121 magna
1414 4054 1468 4098 cun

142 4126 288 4193 molestia
313 4136 464 4206 expertus
495 4145 580 4199 sarm,
613 4143 707 4206 qnam
734 4123 887 4188 conlrrsus
915 4125 957 4188 sit
980 4123 1184 4207 singulorum
1211 4127 1370 4194 locorum
1390 4131 1468 4197 ordo,

142 4233 222 4308 quot
240 4241 370 4286 errores
388 4219 418 4282 in
437 4216 576 4281 numeris
596 4223 661 4295 §§.‚
693 4227 775 4300 quot
803 4220 959 4282 voeabula
985 4227 1129 4304 quotque
1158 4219 1229 4285 loci
1251 4245 1299 4287 ex
1322 4222 1470 4292 Ciceronis

140 4315 269 4399 scriptis
298 4315 392 4379 etiam
425 4315 602 4376 iamdudum
635 4310 718 4375 notis
752 4309 990 4389 desiderentur,
1025 4322 1105 4398 quot
1137 4312 1308 4382 lectiones
1338 4315 1470 4383 nuncsi

142 4411 287 4476 omnibus
317 4408 484 4473 derelictae
510 4406 654 4470 stabilem
679 4403 733 4467 hic
762 4426 800 4468 ae
820 4423 925 4490 prope
945 4405 1169 4471 hereditariam
1194 4413 1311 4476 sedena
1338 4416 1465 4482 babeant.

142 4503 227 4566 nuilla
256 4503 522 4585 praestantiorum
557 4523 596 4565 ne
631 4521 672 4564 cx
698 4497 888 4563 Graerianis
916 4500 1041 4586 quidem
1068 4500 1156 4565 curis
1190 4506 1365 4573 mentione
1390 4507 1466 4572 taen

143 4597 283 4664 Omnino
305 4597 504 4662 Faeciolatus
534 4596 630 4679 longe
656 4592 774 4668 minus,
806 4613 899 4676 quam
928 4594 1101 4677 pollicetur
1128 4597 1163 4658 in
1186 4598 1465 4676 Praemium
1508 4606 1511 4613 '

141 4693 287 4776 augendo
308 4702 403 4775 atque
422 4692 616 4755 emendando
635 4687 725 4753 Scoti
745 4685 878 4751 Nizolio
897 4687 1090 4756 elaboravit.
1135 4690 1368 4762 Nihilominus
1385 4695 1463 4761 labe*

139 4786 205 4851 uua
220 4795 253 4850 st
267 4784 386 4848 maiore
402 4805 472 4850 curu
486 4784 596 4849 iruetu
607 4780 829 4848 hseEditione
840 4781 989 4849 obsoleo
1001 4803 1098 4869 qnam
1112 4783 1251 4856 Lenico
1266 4790 1462 4859 schum

141 4882 272 4966 eclogas
292 4889 413 4942 tantum
435 4877 600 4944 Trdliauae
622 4876 858 4945 consuetudinis
877 4879 1066 4964 praebente.
