3218 5310
654 257 896 325 mseoma.
1339 228 1342 243 '
1401 260 1442 325 ss

119 398 256 485 estigiis
288 400 329 463 sd
362 418 453 481 quem
485 395 596 461 scribit
629 397 721 479 epist.
750 398 807 460 ult.
834 398 891 463 lib.
919 401 967 465 II.
998 403 1035 463 ad
1062 400 1154 467 Fam.
1183 402 1376 485 eundemque
1409 403 1447 462 de

119 492 291 579 provincia
315 494 469 555 decedens
495 491 564 556 III.
586 492 662 559 Kal.
683 490 797 553 Sextil.
819 492 1004 574 provinciae
1023 493 1195 575 praefecit;
1218 492 1312 575 epist.
1334 494 1366 555 6.
1391 494 1446 555 lib.

119 589 190 655 Vl.
210 591 250 651 sd
273 594 363 662 Ate,
388 585 482 668 epist.
495 588 547 649 16.
565 583 623 649 lib.
639 585 689 648 ΙΙ.
714 586 754 646 ad
769 585 883 650 Fatnil.
902 598 933 650 et
955 587 1049 668 epist.
1069 588 1123 653 tt.
1142 588 1197 651 lib.
1219 588 1287 651 III.
1317 587 1449 668 Epheso

119 680 331 767 proficiscens
357 680 434 747 Kal.
464 680 603 745 Octobr.
633 679 776 741 Athenas
808 679 893 743 venit
915 678 1016 761 pridie
1044 680 1140 754 Idns;
1171 680 1265 762 epist.
1296 681 1328 742 8.
1356 692 1388 742 et
1414 681 1444 741 11.

119 776 177 841 lib.
206 774 275 839 VI.
301 774 341 835 ad
366 774 439 839 Att.
471 784 502 836 et
526 771 619 854 epist.
641 773 673 834 5.
701 771 758 834 lib.
784 773 885 837 nlv.
913 776 950 836 ad
977 773 1068 838 an.
1098 774 1233 837 Athenis
1260 773 1448 838 Ciceronem

119 869 259 935 libenter
284 876 514 931 commoratum
537 886 606 928 esse
626 859 729 955 πόθῳ
749 866 812 930 τῶν
829 861 933 932 πάλαι
955 868 1133 953 διατριβῶν
1155 868 1346 932 Plutarchus
1370 867 1450 928 scri-

119 958 167 1029 bit
188 982 263 1045 cap.
286 961 340 1024 36.
385 958 521 1024 Athenis
544 958 767 1041 impemtorem
790 981 824 1022 se
844 962 928 1042 apud
954 959 1139 1023 Aristonem
1160 959 1351 1024 diversatum
1379 982 1446 1022 esse

119 1060 222 1121 Tisse.
246 1055 294 1119 V.
321 1075 394 1135 cap.
416 1053 451 1115 8.
478 1051 532 1116 ait.
578 1051 731 1117 Tironem
757 1051 902 1115 libertum
933 1053 1052 1119 Cicero
1085 1075 1102 1116 e
1129 1052 1240 1119 Cilicia
1272 1054 1302 1116 iu
1325 1054 1447 1118 Italiam

122 1160 295 1215 revertens
311 1146 419 1212 Patris
442 1168 572 1231 aegrum
596 1144 744 1229 reliquit;
767 1144 861 1229 epist.
884 1147 915 1210 2.
938 1149 995 1210 lib.
1014 1149 1098 1213 Vll.
1123 1150 1162 1210 ad
1182 1151 1275 1212 Athe
1302 1150 1341 1210 ad
1363 1169 1450 1211 eum·

120 1264 186 1329 qne
211 1242 321 1325 plures
345 1261 385 1303 ex
411 1239 522 1303 itinere
548 1237 699 1321 epistolas
725 1240 826 1317 misit,
852 1262 932 1327 quiae
954 1241 1011 1305 lib.
1033 1241 1133 1303 XVI.
1160 1244 1198 1303 ad
1224 1242 1316 1304 Fam.
1336 1242 1447 1324 legun-

119 1348 175 1401 tur
197 1348 228 1399 et
255 1333 354 1399 totius
382 1332 503 1397 itineris
532 1333 688 1396 rationem
711 1335 885 1398 continent.
931 1332 1131 1398 Brundisium
1153 1333 1240 1397 venit
1262 1334 1346 1398 VII.
1370 1336 1445 1398 Kal.

119 1430 318 1508 necemus,
354 1430 528 1511 eodemque
550 1439 697 1509 tempore
723 1449 806 1490 texor
828 1429 977 1491 'I'erentia
1011 1430 1051 1491 ad
1076 1440 1201 1510 portam
1228 1429 1449 1492 Brundisinum

120 1520 273 1594 secessit,
298 1541 363 1604 quo
389 1520 515 1583 'I'ullius
540 1519 572 1583 in
595 1533 742 1603 portuum
765 1521 859 1602 epist.
885 1523 915 1586 2.
937 1523 993 1586 lib.
1017 1522 1102 1586 VII.
1129 1525 1167 1585 ad
1190 1524 1262 1586 Att.
1291 1536 1322 1585 et
1353 1523 1447 1605 epist.

121 1618 155 1683 9.
184 1616 251 1681 lib.¹
270 1615 371 1679 XVI.
398 1618 437 1677 ad
468 1615 559 1678 Farn.
613 1616 691 1678 lude
718 1615 852 1677 Romam
886 1637 998 1699 versus
1031 1615 1238 1697 proficiscens
1265 1617 1448 1680 ex'itinere

119 1708 251 1793 scripsit
275 1711 314 1772 ad
337 1708 479 1773 Atticum
503 1708 598 1791 epist.
620 1709 652 1773 3.
677 1707 709 1771 1.
735 1710 768 1772 5.
792 1711 823 1771 6.
848 1710 881 1770 7.
908 1720 941 1772 et
965 1710 998 1771 8.
1025 1710 1081 1773 lib.
1108 1710 1194 1774 VII.

310 1932 409 1997 Anno
432 1932 526 1997 Urbis
547 1933 678 1998 DCCIV.
701 1919 869 1996 Ciceronis
890 1933 1002 1995 or’ttt.
1025 1954 1111 1996 coss.
1125 1933 1276 2013 fuerunt

172 2074 217 2151 e.
245 2047 497 2150 cosumus
524 2074 574 2146 u.
601 2073 642 2146 r.
677 2072 998 2169 marescum,
1032 2073 1077 2148 L.
1113 2072 1395 2150 coenemus

567 2184 835 2262 Lemannus
862 2184 1004 2261 cuns.
1259 2232 1262 2237 -

188 2341 267 2427 ¹llis
290 2306 472 2407 consulibus
495 2343 549 2405 M.
572 2340 680 2404 'I'ullio
703 2339 805 2423 pridie
827 2341 913 2404 Non.
935 2341 1063 2405 lausiac.
1088 2345 1125 2403 ad
1148 2343 1267 2406 Urbem
1287 2341 1448 2408 accedenti

119 2436 167 2503 sic
192 2447 241 2499 est
268 2434 396 2500 obviam
418 2435 599 2517 proditum,
623 2445 657 2496 ut
684 2434 760 2497 nihil
783 2434 853 2497 fieri
878 2435 1021 2515 potuerit
1041 2435 1248 2511 honoratius;
1272 2436 1366 2519 epist.
1392 2440 1445 2497 11.

119 2532 180 2598 lib.
207 2530 311 2594 XVI.
335 2532 373 2593 ad
398 2528 534 2606 Famil.,
564 2529 618 2592 ubi
641 2527 744 2601 addit,
771 2550 805 2591 se
824 2528 972 2591 incidisse
994 2527 1025 2591 in
1046 2528 1145 2611 ipsam
1168 2531 1324 2593 flammam
1347 2529 1449 2592 civilis

119 2626 299 2693 discordiae
333 2626 384 2689 vel
413 2626 519 2706 potius
551 2623 636 2687 belli.
689 2625 783 2703 Quod
811 2623 902 2685 etiam
931 2621 1121 2684 Plutarchus
1152 2623 1262 2685 scribit
1291 2644 1364 2705 cap.
1390 2622 1443 2683 86.

119 2722 206 2787 Item
235 2719 376 2784 Kalend.
400 2719 529 2781 Ianuar.
561 2740 631 2779 cum
660 2716 691 2780 in
719 2718 760 2797 Q.
787 2714 913 2780 Metelli
939 2716 1097 2797 Scipionis
1128 2718 1312 2779 sententium
1339 2720 1375 2779 S.
1404 2715 1445 2778 C.

119 2816 232 2891 beret,
258 2814 303 2878 uti
325 2824 398 2875 'ante
422 2823 540 2874 certam
563 2811 642 2873 diem
667 2809 786 2874 Caesar
812 2810 985 2873 exereitum
1008 2810 1197 2884 dimitteret;
1221 2811 1247 2873 si
1271 2833 1333 2874 uon
1360 2812 1447 2875 iace·

119 2920 190 2989 ret,
214 2930 287 2973 euin
310 2909 461 2971 adversus
488 2903 731 2987 rempublicam
753 2906 909 2968 facturum
934 2904 1051 2978 videri3
1074 2906 1165 2989 eique
1190 2906 1225 2968 S.
1244 2904 1286 2969 C.
1310 2906 1363 2968 M.
1381 2907 1449 2970 Au·

119 3002 228 3077 tenitas
251 3012 285 3066 et
309 3000 354 3082 0.
382 2999 511 3064 Cassius
534 2997 650 3062 tribuni
678 3001 766 3083 pleb.
794 2998 1062 3064 intercessissent:
1094 3008 1220 3061 senatus
1246 2998 1447 3074 consulibus,

120 3082 350 3187 prestantibus,
372 3091 505 3155 tribunis
527 3091 629 3174 plebis
651 3105 681 3156 et
703 3092 760 3168 iis,
785 3094 839 3178 qui
857 3113 919 3176 pro
938 3092 1122 3157 consulibus
1143 3094 1182 3154 ad
1204 3093 1323 3155 Urbem
1344 3104 1445 3169 erant,

119 3184 288 3295 u'ffltirsn
314 3187 417 3264 dedit,
453 3197 487 3249 ut
513 3198 678 3260 curarent,
709 3188 844 3272 nequid
874 3208 927 3251 res
955 3185 1081 3269 publica
1105 3184 1283 3249 detrimenti
1304 3200 1447 3270 caperet.

178 3282 195 3295 ”’
214 3314 223 3369 '.
234 3278 398 3347 Antonius
425 3291 457 3342 et
483 3278 615 3344 Cassius
638 3281 677 3341 ad
703 3279 873 3344 Caesarem
898 3301 939 3342 ex
965 3281 1055 3345 Urbe
1079 3302 1147 3343 eum
1170 3279 1313 3344 Curione
1334 3283 1449 3364 prolu-

119 3270 235 3559 ἃς
264 3370 387 3441 Caesar
416 3373 474 3436 lib.
503 3374 533 3436 I.
561 3394 633 3454 cap.
664 3374 697 3435 5.
724 3376 761 3436 de
788 3374 882 3437 Bello
909 3373 1014 3448 civili,
1044 3373 1164 3438 Cicero
1191 3375 1283 3458 epist.
1311 3380 1363 3439 10.
1390 3379 1446 3440 tib.

145 3488 151 3555 j
249 3468 290 3532 sd
308 3468 402 3533 Fam.
426 3479 458 3530 et
482 3466 627 3549 Philipp.
652 3466 698 3530 ll.
723 3487 794 3547 cap.
819 3468 873 3531 et.
925 3465 1043 3531 Cicero
1073 3479 1106 3530 ut
1128 3468 1213 3531 venit
1242 3471 1280 3531 ad
1302 3471 1443 3543 Urbem,

119 3550 188 3649 ᾖ
210 3560 332 3627 destitit
362 3560 466 3626 omnia
489 3573 520 3625 et
546 3560 665 3623 sentire
690 3570 721 3621 et
747 3558 852 3623 dicere
872 3571 903 3624 et
928 3560 1054 3636 facere,
1079 3582 1158 3643 quae
1180 3564 1219 3624 ad
1242 3564 1445 3627 concordiam

119 3644 337 3747 fflerents
361 3655 456 3737 epist.
479 3658 530 3716 11.
551 3653 727 3716 tiuxvt.
752 3656 790 3716 ud
812 3655 944 3729 Famil.;
967 3654 1092 3738 fuitque
1114 3677 1240 3738 semper
1256 3669 1369 3720 auctor
1390 3677 1446 3739 pa-

120 3740 185 3829 ἆ,
206 3760 249 3837 Ι61
275 3759 408 3814 testatur
433 3748 464 3811 in
488 3747 685 3812 orationibus
708 3768 769 3828 pro
791 3748 951 3821 Marcello
975 3769 1047 3830 cap.
1073 3752 1124 3826 5.,
1155 3750 1290 3835 Ligario
1314 3772 1385 3830 cap.
1411 3749 1444 3812 9.

120 3852 155 3909 et
171 3840 334 3911 Deiotaro
358 3863 429 3925 cap.
459 3844 530 3918 10„
559 3841 632 3904 item
656 3839 749 3922 epist.
774 3840 806 3902 6.
829 3840 886 3903 lib.
913 3842 978 3906 VI.
1003 3855 1033 3906 et
1051 3843 1144 3926 epist.
1162 3844 1194 3907 3.
1219 3845 1276 3906 lib.
1300 3843 1384 3905 VII.
1409 3845 1449 3903 ad

120 3934 240 4021 Pausi.
277 3938 390 4022 anue
415 3939 525 4011 dere,
547 3947 581 3997 ut
604 3936 798 4001 Plutarchus
817 3955 886 4018 cap.
903 3936 956 3999 37.
980 3936 1092 4013 tradit,
1122 3936 1270 4019 privatim
1290 3935 1384 3996 rnrrlta
1408 3936 1447 3995 ad

122 4026 297 4099 Caesarem
318 4029 445 4112 scripsit
467 4042 498 4094 et
520 4028 710 4112 Pompeium
734 4048 841 4091 coram
864 4040 1012 4111 precatus
1035 4042 1102 4104 est,
1127 4042 1293 4112 utriunque
1317 4027 1446 4108 placans

119 4136 153 4189 et
173 4124 349 4190 deleniens.
396 4126 459 4187 Sed
474 4124 572 4188 mirrrs
591 4123 751 4187 invaserat
769 4121 863 4185 ferror
877 4144 940 4188 non
960 4123 1062 4188 solum
1082 4120 1253 4204 iruprobis,
1278 4122 1334 4182 sed
1355 4120 1446 4183 etism

119 4216 176 4299 iis,
200 4218 257 4303 qui
276 4217 354 4281 boni
376 4219 592 4292 habebantur,
620 4216 777 4281 Cicerone
796 4217 947 4279 clamante
969 4217 1045 4279 nihil
1071 4236 1139 4278 csse
1166 4214 1250 4277 bello
1275 4214 1361 4276 civili
1388 4215 1446 4279 mi·

119 4310 244 4388 serius3
267 4312 361 4395 epist.
389 4312 442 4375 19.
468 4311 525 4376 111).
552 4312 653 4375 XVI.
686 4311 725 4372 ad
750 4309 892 4374 Famil.¹
937 4312 1050 4393 Itaque
1081 4307 1189 4370 Italiae
1213 4307 1365 4392 regiones
1394 4311 1449 4372 de-

1042 4406 1176 4417 --υ--ι--ι
1197 4406 1326 4415 -α--υ
1343 4408 1440 4416 ——0-

157 4445 189 4507 1)
207 4439 293 4511 Ego,
312 4459 373 4494 mem
391 4446 449 4493 iarn
466 4458 532 4511 opes
548 4458 641 4493 omnes
659 4448 767 4493 etseras
787 4448 816 4492 et
827 4441 924 4512 pepedi
942 4438 1061 4493 Roumni
1079 4437 1224 4506 Pompeius
1243 4437 1283 4491 ad
1299 4439 1448 4491 Caesarem

119 4514 269 4569 &iniisset
290 4534 405 4587 seroque
424 4535 458 4568 ea
478 4523 583 4569 sentire
604 4521 754 4586 coepisset,
772 4535 842 4587 quiae
861 4532 915 4584 ege
935 4516 1022 4567 multo
1039 4521 1105 4565 ante
1113 4513 1307 4582 provideram,
1326 4513 1446 4586 inferri·

119 4608 172 4664 qu
190 4595 308 4663 patriae
326 4591 426 4643 beilum
451 4588 597 4659 nefarium
621 4592 764 4655 viderem,
785 4595 883 4662 pacis,
912 4591 1092 4653 concordiae,
1121 4595 1330 4661 compositionis
1349 4598 1449 4641 erector

120 4684 183 4721 sm
208 4684 268 4719 nors
285 4665 383 4721 destiti
404 4685 518 4738 meaque
542 4666 593 4719 atta
612 4686 672 4720 vox
690 4674 732 4720 est
753 4674 820 4718 neta
841 4669 955 4716 multis:
975 4664 1128 4731 «Utinam,
1149 4666 1202 4721 Cn.
1228 4667 1361 4739 Pompei,
1382 4681 1448 4716 eum

120 4740 156 4797 C.
173 4742 292 4797 Cessare
311 4746 475 4798 societatem
495 4756 544 4796 set
559 4759 700 4815 nunquam
715 4747 818 4795 coisses
838 4756 884 4794 sur
902 4756 1040 4813 uunquam
1056 4740 1228 4797 diremisses!
1249 4743 1311 4795 suu
1332 4740 1448 4794 alterum

122 4820 283 4892 prestratis,
304 4816 422 4874 siceram
445 4814 606 4891 prudentiss
631 4816 729 4883 tuaest}
750 4846 787 4861 -
805 4814 927 4891 Philipp.
950 4818 983 4888 2,
1002 4824 1055 4886 10,
1073 4819 1119 4877 21.
