3218 5310
468 201 475 219 .
594 242 596 256 '
672 263 910 333 aristonis.
1431 266 1470 333 st

255 455 348 521 duno
369 456 467 522 Urbis
488 458 708 527 Donxxtx.
731 463 900 526 (Herronis
920 459 1091 527 XXXIII.
1112 481 1200 525 coss.
1213 461 1364 543 fuerunt
1490 566 1492 571 ,

193 625 240 700 Ῑι.
276 625 503 705 LICINIUS
535 627 824 725 LUCULLUS,
863 632 913 706 M.
950 629 1201 708 AURELIUS
1236 622 1418 706 COTTA.

227 811 289 875 rtis
310 812 495 877 consulibus
518 813 658 892 Cicero,
689 837 793 879 annum
816 837 945 879 meruere
966 828 1154 900 quaesturae
1175 816 1324 898 expleto,
1348 837 1366 879 e
1388 814 1471 880 Sici·

139 905 183 969 Iia
206 905 372 988 provincis
395 908 543 971 decessit.
588 909 709 972 Habuit
730 921 795 973 tum
819 911 996 974 orationem
1017 909 1184 989 Lilybaei,
1217 910 1248 974 in
1272 930 1332 995 qua
1356 908 1471 974 Siculis

139 999 241 1063 molta
274 998 412 1084 henigne
448 1002 648 1083 promisit¹;
683 1017 717 1068 ιιι
745 1006 909 1070 Asconius
937 1004 969 1067 in
998 1025 1123 1088 argum.
1155 1005 1256 1068 Vere.
1285 1007 1316 1068 l.
1345 1002 1470 1068 scrihit.

139 1092 329 1158 Decedehat
357 1104 462 1157 sutem
494 1117 529 1159 ea
559 1118 636 1179 spe,
672 1110 705 1161 ut
732 1099 792 1162 sihi
819 1098 974 1182 populum
997 1098 1095 1161 Rom.
1119 1089 1206 1162 ultro
1228 1099 1330 1161 omnia
1353 1098 1474 1161 delatu-

140 1208 212 1250 rum
228 1199 368 1270 putaret.
413 1189 459 1252 At
480 1212 550 1252 cum
574 1213 648 1255 casu
670 1193 781 1257 diebus
802 1192 857 1269 iis,
880 1192 1001 1255 itineris
1023 1192 1158 1255 faciendi
1178 1214 1288 1269 causa,
1314 1190 1471 1256 Puteolos

142 1281 303 1356 venisset,
327 1281 467 1346 concidit
488 1306 609 1366 paene,
633 1307 704 1349 cum
726 1309 766 1350 ex
789 1308 829 1351 eo
851 1286 976 1371 quidam
1000 1285 1192 1372 quaesisset,
1218 1307 1284 1370 qun
1303 1284 1353 1348 die
1367 1287 1470 1349 Roma

142 1375 263 1439 exisset
285 1386 317 1439 et
339 1378 489 1461 numquid
512 1380 544 1442 iu
568 1401 603 1443 ea
625 1393 710 1444 esset
731 1381 826 1455 novi,
862 1384 949 1466 quod
977 1380 1045 1463 ipse
1073 1403 1136 1461 pro
1161 1377 1296 1445 Plancio
1320 1400 1392 1462 cap.
1416 1378 1470 1442 96.

141 1480 276 1547 narrat,
306 1480 339 1532 et
364 1470 618 1536 Plutarchus'in
641 1475 703 1537 vita
732 1473 843 1538 scribit
866 1497 936 1556 cap.
961 1475 993 1539 6.
1048 1472 1130 1538 Cum
1154 1495 1171 1536 e
1194 1473 1302 1537 Sicilia
1324 1494 1358 1536 se
1380 1490 1472 1537 rece·

139 1563 262 1646 pisset,
297 1563 360 1629 iam
383 1564 551 1631 videbatur
578 1567 710 1632 facultas
733 1567 788 1633 illu
810 1569 933 1632 dicendi
955 1588 1024 1632 esse
1045 1568 1192 1650 perlecta
1214 1578 1246 1629 et
1266 1567 1390 1654 hahere⁵
1407 1587 1473 1627 ma·

140 1657 305 1721 toritatem
334 1661 490 1744 qirsodam
521 1681 629 1736 suam;
664 1674 699 1725 ut
727 1662 771 1725 ait
797 1661 830 1724 in
859 1662 963 1724 Bruto
992 1681 1065 1743 cap.
1096 1661 1151 1723 tt.
1206 1659 1280 1723 Fuit
1302 1660 1366 1721 hoc
1387 1678 1470 1722 anno

136 1753 287 1815 tribunus
309 1752 397 1836 pleh.
421 1755 464 1818 L.
488 1753 656 1836 Quintius,
690 1757 789 1821 homo
812 1756 946 1818 maxime
966 1753 1132 1837 populeris
1162 1766 1193 1817 et
1215 1757 1253 1816 ad
1275 1753 1469 1815 inflamman-

141 1846 204 1908 dos
225 1845 347 1910 animos
370 1849 576 1912 multitudinis
599 1852 874 1923 accommodatus,
905 1850 959 1933 qui
981 1847 1153 1913 conciones
1177 1848 1319 1933 quotidie
1340 1847 1471 1908 seditio·

138 1958 194 2001 sas
215 1950 247 2002 et
268 1941 469 2005 turbulentas
492 1944 641 2006 hahebat.
694 1941 901 2025 Ciceropro
928 1940 1081 2007 Cluentio
1104 1963 1176 2023 cap.
1207 1941 1259 2004 28.
1284 1940 1337 2004 29.
1362 1941 1414 2001 dl.
1438 1949 1471 2001 et

139 2032 197 2095 37.
242 2034 340 2096 Hrrnc
362 2047 430 2099 acta
453 2037 562 2101 Sullae
585 2037 766 2099 rescindere
802 2057 839 2098 ac
870 2036 917 2098 rei
950 2034 1095 2117 publicae
1127 2047 1240 2097 statum
1276 2054 1407 2099 morere
1439 2043 1472 2095 et

141 2129 337 2207 perturbare
377 2143 544 2194 conantem
577 2132 734 2194 Lucullus
767 2130 878 2194 consul
915 2131 954 2192 ah
990 2129 1118 2211 incepto
1156 2127 1304 2202 deduxit,
1339 2138 1471 2190 auctore

143 2219 323 2286 Plutarcho
345 2222 377 2287 in
397 2226 551 2290 Lucullo.
595 2225 681 2288 Hinc
703 2226 818 2288 Macer
841 2226 924 2306 apud
948 2223 1136 2287 Salustium:
1171 2223 1288 2306 lragrn.
1321 2222 1377 2285 lib.
1402 2218 1470 2284 III.

141 2315 221 2378 hist.
243 2314 414 2380 Lucullus
436 2322 571 2402 quantis
601 2319 724 2387 nuituis
752 2319 828 2381 ierit
855 2321 890 2380 t'u
910 2318 946 2381 h.
971 2318 1164 2396 Quintium,
1197 2317 1333 2379 vidistis.
1382 2314 1472 2378 Idem

143 2406 295 2488 Quintius
316 2420 472 2490 patronus
492 2410 552 2473 luit
575 2408 763 2492 Oppianici,
795 2408 849 2494 qui
877 2411 940 2472 hoc
966 2429 1067 2484 anno,
1104 2409 1212 2471 Verre
1242 2419 1393 2489 praetore
1417 2429 1472 2490 ιιι·-

143 2505 249 2576 heom
282 2506 511 2566 condemnatus
533 2516 600 2568 est:
631 2502 749 2568 Cicero
771 2525 833 2585 pro
856 2501 1007 2567 Cluentio
1029 2523 1102 2584 cap.
1125 2503 1179 2565 33.
1203 2514 1234 2564 et
1256 2500 1418 2565 Asconius
1438 2501 1471 2567 in

141 2594 279 2659 Verrio.
303 2596 353 2660 lt.
377 2600 506 2679 capri.
529 2609 559 2660 et
580 2600 632 2660 10.
676 2599 815 2660 Verrem
837 2597 886 2658 his
909 2597 1091 2660 consulibus
1112 2608 1292 2679 praetorem
1315 2599 1471 2658 urbanum
1510 2677 1514 2686 Ι
1595 2624 1602 2635 ·

141 2689 261 2766 luisse,
286 2691 496 2772 cognoscitur
518 2691 610 2754 etiam
625 2691 765 2754 Verrina
786 2689 919 2771 septima
941 2711 1012 2774 cap.
1032 2693 1097 2767 13.,
1122 2691 1175 2754 ιιΙιί
1198 2689 1336 2755 Cicero:
1359 2690 1471 2755 Nemo

146 2783 269 2868 inquit,
305 2794 377 2847 tum
397 2787 594 2848 rusticanus
614 2786 716 2848 homo
747 2785 785 2848 L.
807 2785 955 2849 Lucullo
977 2794 1009 2850 et
1029 2783 1079 2849 M.
1102 2786 1199 2847 Cotto
1222 2803 1307 2845 coss.
1328 2782 1471 2845 llnmnm

143 2900 188 2943 ca·
210 2876 498 2956 ullo'mum'cipio
521 2875 708 2938 vadimonii
734 2899 842 2941 ennsn
864 2880 968 2954 venit,
997 2878 1080 2960 quin
1107 2877 1227 2955 sciret,
1256 2875 1333 2939 iura
1355 2875 1472 2935 omnio
1562 2892 1564 2898 ’

146 2968 279 3050 populi
304 2967 449 3030 llomnui
472 2975 557 3030 nutu
587 2976 690 3050 utque
718 2967 860 3031 arbitrio
882 2968 1069 3032 Chelidonis
1091 2964 1330 3030 meretriculae
1349 2963 1473 3046 greder-

140 3079 231 3122 nort.

224 3150 303 3214 Hoc
330 3137 423 3212 etism
454 3159 600 3230 tempore
625 3149 678 3212 M.
704 3147 883 3226 Antonius,
917 3148 1017 3233 gratia
1043 3144 1162 3211 Cottae
1192 3143 1330 3211 consulis
1352 3155 1383 3208 et
1406 3142 1472 3209 Ce-

142 3243 230 3328 ttegi
252 3243 392 3307 factione
415 3243 445 3306 in
467 3254 577 3305 senatu
607 3242 802 3307 curationem
832 3254 942 3304 nactus
972 3242 1068 3304 totius
1099 3263 1174 3304 orae
1198 3240 1390 3314 maritimae,
1423 3235 1472 3300 Si·

144 3338 247 3401 ciliam
270 3349 302 3400 et
324 3336 505 3419 provincias
529 3359 638 3400 omnes
667 3337 876 3418 depopulatus
900 3349 964 3410 est3
1000 3347 1030 3398 et
1060 3337 1098 3397 ad
1127 3348 1302 3398 extremum
1331 3335 1471 3397 inferens

147 3429 355 3494 Cretensibus
377 3432 512 3508 bellum,
537 3452 573 3493 re
596 3432 676 3493 ritate
700 3441 807 3514 gesta,
833 3432 947 3494 morbo
970 3430 1108 3493 interiit:
1133 3430 1296 3494 Asconius
1318 3429 1349 3491 in
1367 3430 1469 3491 Verr.

146 3524 209 3587 IV.
233 3547 307 3607 cap.
331 3524 364 3586 3.
408 3523 523 3587 Livius
544 3524 601 3586 lih.
624 3522 774 3588 XCVII.
828 3524 946 3587 Florus
975 3523 1059 3587 libro
1090 3524 1155 3588 III.
1184 3525 1288 3609 capite
1311 3527 1342 3585 7.
1395 3521 1472 3584 Me·

147 3617 232 3681 minit
253 3615 399 3681 Velleius
422 3615 478 3680 lih.
501 3616 549 3680 ll.
574 3638 645 3699 cap.
669 3617 722 3679 31.
747 3626 780 3678 et
801 3615 919 3681 Cicero
942 3619 1042 3682 Verr.
1067 3620 1129 3682 tv.
1153 3640 1225 3701 cap.
1248 3619 1319 3693 13.,
1345 3614 1398 3680 ubi
1415 3612 1470 3678 M.

147 3710 281 3777 Antonii
303 3709 458 3774 inlinitum
480 3711 646 3795 imperium
670 3710 757 3776 dicit.
811 3713 876 3775 Hic
899 3711 1059 3778 Antonius
1088 3725 1180 3798 pater
1206 3713 1266 3776 luit
1289 3712 1340 3776 Μ.
1364 3711 1471 3774 Anto·

147 3805 187 3866 nii
205 3802 385 3882 triumvirI,
411 3803 514 3888 quiin
536 3804 700 3868 Plutarchi
717 3805 860 3870 Antonio
883 3803 1027 3895 sperande
1049 3809 1198 3871 mendose
1218 3827 1280 3890 pro
1306 3798 1472 3890 Κρητικὸς

147 3898 325 3962 nominatur
347 3900 390 3977 ²).
449 3899 532 3962 Tum
563 3919 693 3984 quoqne
723 3899 876 3964 Metellus
908 3912 940 3963 et
975 3900 1150 3984 Pompeius
1176 3900 1208 3962 in
1242 3896 1394 3979 Hispanis
1430 3897 1470 3960 ah

147 3991 310 4056 obsidione
339 3990 505 4078 Calagurii
534 3991 646 4075 oppidi
677 3993 820 4074 depulsi,
856 3993 961 4057 eoacti
978 3994 1118 4057 ‘scierunt
1147 3993 1287 4054 diversas
1320 3991 1470 4075 regiones

146 4096 272 4165 petere3
306 4086 462 4151 Metellus
490 4085 675 4149 ulteriorem
703 4086 908 4170 Hispaniam,
948 4089 1121 4169 Pompeius
1145 4086 1303 4160 Galliam,
1338 4097 1470 4149 auctore

147 4175 240 4244 Liuio
264 4179 338 4243 libr.
360 4178 496 4244 XCIII.
549 4181 661 4265 ltaque
684 4189 749 4242 lum
773 4180 933 4245 exercitus
954 4181 1102 4264 Pompeii
1124 4177 1273 4242 hiemavit
1295 4177 1325 4241 in
1349 4179 1468 4256 Gattta,

146 4291 210 4335 rum
240 4274 292 4338 M.
321 4274 477 4338 Fonteius
506 4287 638 4357 praetor
667 4295 733 4336 cam
763 4274 958 4358 provinciam
988 4276 1166 4350 obtineret,
1204 4283 1238 4335 ut
1266 4271 1386 4338 Cicero
1407 4293 1469 4356 pro

147 4363 280 4430 Fonteio
303 4388 376 4452 cap.
400 4367 433 4430 3.
456 4367 608 4432 ostendit.

181 4556 210 4628 t)
235 4557 331 4610 Unum
351 4562 409 4613 eius
429 4555 614 4629 fragmentum
634 4574 770 4633 superest.
807 4561 942 4633 Fragmm.
964 4557 1016 4612 Ed.
1040 4573 1117 4610 mese
1134 4575 1161 4632 p.
1181 4559 1246 4617 Ill.

180 4639 208 4703 ²)
232 4633 382 4689 Corrsetns
400 4650 450 4689 estv
467 4652 544 4688 error
566 4639 596 4689 tn
618 4633 669 4687 Ed.
687 4633 828 4692 sehseleri
848 4651 910 4708 cap.
938 4641 964 4690 1.
990 4633 1050 4687 Vol.
1067 4633 1113 4688 tv.
1135 4652 1162 4708 p.
1185 4632 1250 4695 tsn

600 4802 602 4808 ·
612 4791 1005 4813 m
