<?xml version="1.0" encoding="UTF-8"?>
<!DOCTYPE html PUBLIC "-//W3C//DTD XHTML 1.0 Transitional//EN"
    "http://www.w3.org/TR/xhtml1/DTD/xhtml1-transitional.dtd">
<html xmlns="http://www.w3.org/1999/xhtml" xml:lang="en" lang="en">
 <head>
  <title>
</title>
<meta http-equiv="Content-Type" content="text/html;charset=utf-8" />
  <meta name='ocr-system' content='tesseract 3.04.00' />
  <meta name='ocr-capabilities' content='ocr_page ocr_carea ocr_par ocr_line ocrx_word'/>
</head>
<body>
  <div class='ocr_page' id='page_1' title='image "./operaquaesupers07halmgoog_0125.png"; bbox 0 0 3218 5310; ppageno 0'>
   <div class='ocr_carea' id='block_1_1' title="bbox 142 254 1187 332">
    <p class='ocr_par' dir='ltr' id='par_1_1' title="bbox 142 254 1187 332">
     <span class='ocr_line' id='line_1_1' title="bbox 142 254 1187 332; baseline -0.004 -2"><span class='ocrx_word' id='word_1_1' title='bbox 142 269 202 330; x_wconf 76' lang='lat' dir='ltr'><strong>tlt</strong></span> <span class='ocrx_word' id='word_1_2' title='bbox 289 291 297 317; x_wconf 59' lang='grc' dir='ltr'><strong>ι</strong></span> <span class='ocrx_word' id='word_1_3' title='bbox 404 264 743 332; x_wconf 80' lang='lat' dir='ltr'><strong>MEMORABILIA</strong></span> <span class='ocrx_word' id='word_1_4' title='bbox 764 262 909 328; x_wconf 77' lang='lat' dir='ltr'><strong>VlTAE</strong></span> <span class='ocrx_word' id='word_1_5' title='bbox 933 254 1187 329; x_wconf 86' lang='lat' dir='ltr'>CICERONIS</span> 
     </span>
    </p>
   </div>
   <div class='ocr_carea' id='block_1_2' title="bbox 162 420 1447 662">
    <p class='ocr_par' dir='ltr' id='par_1_2' title="bbox 162 420 1447 662">
     <span class='ocr_line' id='line_1_2' title="bbox 165 420 1447 662; baseline 0 -127"><span class='ocrx_word' id='word_1_6' title='bbox 165 487 234 541; x_wconf 75' lang='lat' dir='ltr'><strong>Anni</strong></span> <span class='ocrx_word' id='word_1_7' title='bbox 267 489 335 536; x_wconf 76' lang='lat' dir='ltr'><strong>Ante</strong></span> <span class='ocrx_word' id='word_1_8' title='bbox 516 491 519 500; x_wconf 89' lang='grc'><strong>“</strong></span> <span class='ocrx_word' id='word_1_9' title='bbox 1353 420 1447 662; x_wconf 49' lang='grc' dir='ltr'><strong><em>Ε</em></strong></span> 
     </span>
     <span class='ocr_line' id='line_1_3' title="bbox 162 559 338 612; baseline -0.011 0"><span class='ocrx_word' id='word_1_10' title='bbox 162 560 235 612; x_wconf 86' lang='lat' dir='ltr'><strong>U.C.</strong></span> <span class='ocrx_word' id='word_1_11' title='bbox 266 559 338 612; x_wconf 85' lang='lat' dir='ltr'>C.N.</span> 
     </span>
    </p>
   </div>
   <div class='ocr_carea' id='block_1_3' title="bbox 363 732 1343 897">
    <p class='ocr_par' dir='ltr' id='par_1_3' title="bbox 363 732 1343 897">
     <span class='ocr_line' id='line_1_4' title="bbox 364 732 1343 893; baseline -0.002 -92"><span class='ocrx_word' id='word_1_12' title='bbox 364 734 513 893; x_wconf 58' lang='lat' dir='ltr'><strong>Plutontap</strong></span> <span class='ocrx_word' id='word_1_13' title='bbox 536 733 688 825; x_wconf 81' lang='lat' dir='ltr'><strong>dlalogos</strong></span> <span class='ocrx_word' id='word_1_14' title='bbox 722 733 894 803; x_wconf 84' lang='lat' dir='ltr'><strong>cGrueco</strong></span> <span class='ocrx_word' id='word_1_15' title='bbox 922 736 956 800; x_wconf 91' lang='lat' dir='ltr'><strong>tn</strong></span> <span class='ocrx_word' id='word_1_16' title='bbox 977 732 1130 800; x_wconf 83' lang='lat' dir='ltr'><strong>Latlnom</strong></span> <span class='ocrx_word' id='word_1_17' title='bbox 1159 751 1343 833; x_wconf 78' lang='lat' dir='ltr'><strong>sermonem</strong></span> 
     </span>
     <span class='ocr_line' id='line_1_5' title="bbox 363 835 539 897; baseline -0.017 0"><span class='ocrx_word' id='word_1_18' title='bbox 363 835 502 897; x_wconf 77' lang='lat' dir='ltr'><strong>convert</strong></span> <span class='ocrx_word' id='word_1_19' title='bbox 515 835 539 894; x_wconf 89' lang='lat' dir='ltr'><strong>t.</strong></span> 
     </span>
    </p>
   </div>
   <div class='ocr_carea' id='block_1_4' title="bbox 160 963 1435 1147">
    <p class='ocr_par' dir='ltr' id='par_1_4' title="bbox 160 963 1435 1147">
     <span class='ocr_line' id='line_1_6' title="bbox 160 963 1435 1049; baseline -0.009 -11"><span class='ocrx_word' id='word_1_20' title='bbox 160 968 235 1040; x_wconf 77' lang='lat'><strong>671</strong></span> <span class='ocrx_word' id='word_1_21' title='bbox 279 977 329 1046; x_wconf 77' lang='lat'><strong>83</strong></span> <span class='ocrx_word' id='word_1_22' title='bbox 364 965 460 1031; x_wconf 79' lang='lat' dir='ltr'><strong>Coss.</strong></span> <span class='ocrx_word' id='word_1_23' title='bbox 505 970 546 1029; x_wconf 88' lang='lat' dir='ltr'><strong>L.</strong></span> <span class='ocrx_word' id='word_1_24' title='bbox 578 963 756 1031; x_wconf 78' lang='lat' dir='ltr'><strong>Cornelius</strong></span> <span class='ocrx_word' id='word_1_25' title='bbox 779 963 894 1049; x_wconf 82' lang='lat' dir='ltr'><strong>Scipio</strong></span> <span class='ocrx_word' id='word_1_26' title='bbox 919 963 1109 1042; x_wconf 77' lang='lat' dir='ltr'><strong>Asiaticae,</strong></span> <span class='ocrx_word' id='word_1_27' title='bbox 1154 967 1193 1031; x_wconf 85' lang='lat' dir='ltr'><strong>C.</strong></span> <span class='ocrx_word' id='word_1_28' title='bbox 1222 964 1344 1031; x_wconf 79' lang='lat' dir='ltr'><strong>luniaco</strong></span> <span class='ocrx_word' id='word_1_29' title='bbox 1380 968 1435 1036; x_wconf 73' lang='lat'><strong>24</strong></span> 
     </span>
     <span class='ocr_line' id='line_1_7' title="bbox 506 1059 857 1147; baseline -0.009 -23"><span class='ocrx_word' id='word_1_30' title='bbox 506 1059 695 1147; x_wconf 80' lang='lat' dir='ltr'><strong>Nor-banna</strong></span> <span class='ocrx_word' id='word_1_31' title='bbox 717 1059 857 1123; x_wconf 76' lang='lat' dir='ltr'><strong>Bulbus.</strong></span> 
     </span>
    </p>
   </div>
   <div class='ocr_carea' id='block_1_5' title="bbox 362 1167 1443 2005">
    <p class='ocr_par' dir='ltr' id='par_1_5' title="bbox 362 1167 1443 2005">
     <span class='ocr_line' id='line_1_8' title="bbox 405 1167 1343 1254; baseline -0.003 -19"><span class='ocrx_word' id='word_1_32' title='bbox 405 1172 492 1236; x_wconf 91' lang='lat' dir='ltr'><strong>Sulla</strong></span> <span class='ocrx_word' id='word_1_33' title='bbox 519 1193 596 1254; x_wconf 89' lang='lat' dir='ltr'><strong>pace</strong></span> <span class='ocrx_word' id='word_1_34' title='bbox 617 1193 688 1235; x_wconf 90' lang='lat' dir='ltr'><strong>eum</strong></span> <span class='ocrx_word' id='word_1_35' title='bbox 713 1170 902 1234; x_wconf 83' lang='lat' dir='ltr'><strong>Mithridate</strong></span> <span class='ocrx_word' id='word_1_36' title='bbox 931 1172 1015 1236; x_wconf 86' lang='lat' dir='ltr'><strong>laeta</strong></span> <span class='ocrx_word' id='word_1_37' title='bbox 1044 1171 1074 1235; x_wconf 93' lang='lat' dir='ltr'><strong>in</strong></span> <span class='ocrx_word' id='word_1_38' title='bbox 1097 1167 1220 1234; x_wconf 86' lang='lat' dir='ltr'><strong>ltaliam</strong></span> <span class='ocrx_word' id='word_1_39' title='bbox 1243 1169 1343 1245; x_wconf 86' lang='lat' dir='ltr'><strong>redit,</strong></span> 
     </span>
     <span class='ocr_line' id='line_1_9' title="bbox 366 1262 1342 1348; baseline -0.003 -19"><span class='ocrx_word' id='word_1_40' title='bbox 366 1265 406 1329; x_wconf 86' lang='lat' dir='ltr'><strong>C.</strong></span> <span class='ocrx_word' id='word_1_41' title='bbox 426 1268 613 1329; x_wconf 75' lang='lat' dir='ltr'><strong>Norbanum</strong></span> <span class='ocrx_word' id='word_1_42' title='bbox 637 1286 705 1328; x_wconf 88' lang='lat' dir='ltr'><strong>cos.</strong></span> <span class='ocrx_word' id='word_1_43' title='bbox 730 1264 855 1345; x_wconf 88' lang='lat' dir='ltr'><strong>proelio</strong></span> <span class='ocrx_word' id='word_1_44' title='bbox 882 1264 991 1328; x_wconf 83' lang='lat' dir='ltr'><strong>vincit.</strong></span> <span class='ocrx_word' id='word_1_45' title='bbox 1035 1262 1145 1348; x_wconf 90' lang='lat' dir='ltr'><strong>Scipio</strong></span> <span class='ocrx_word' id='word_1_46' title='bbox 1170 1264 1249 1326; x_wconf 88' lang='lat' dir='ltr'><strong>alter</strong></span> <span class='ocrx_word' id='word_1_47' title='bbox 1271 1284 1342 1328; x_wconf 78' lang='lat' dir='ltr'><strong>coa.</strong></span> 
     </span>
     <span class='ocr_line' id='line_1_10' title="bbox 364 1358 1344 1441; baseline -0.002 -21"><span class='ocrx_word' id='word_1_48' title='bbox 364 1364 401 1422; x_wconf 89' lang='lat' dir='ltr'><strong>ad</strong></span> <span class='ocrx_word' id='word_1_49' title='bbox 435 1363 574 1423; x_wconf 84' lang='lat' dir='ltr'><strong>&#39;l&#39;canum</strong></span> <span class='ocrx_word' id='word_1_50' title='bbox 609 1381 677 1422; x_wconf 94' lang='lat' dir='ltr'><strong>cum</strong></span> <span class='ocrx_word' id='word_1_51' title='bbox 710 1361 851 1423; x_wconf 82' lang='lat' dir='ltr'><strong>exercitu</strong></span> <span class='ocrx_word' id='word_1_52' title='bbox 882 1359 1046 1441; x_wconf 75' lang='lat' dir='ltr'><strong>profectur</strong></span> <span class='ocrx_word' id='word_1_53' title='bbox 1088 1381 1158 1421; x_wconf 87' lang='lat' dir='ltr'><strong>cum</strong></span> <span class='ocrx_word' id='word_1_54' title='bbox 1190 1358 1276 1421; x_wconf 87' lang='lat' dir='ltr'><strong>Sulla</strong></span> <span class='ocrx_word' id='word_1_55' title='bbox 1305 1359 1344 1418; x_wconf 90' lang='lat' dir='ltr'><strong>de</strong></span> 
     </span>
     <span class='ocr_line' id='line_1_11' title="bbox 364 1450 1346 1536; baseline -0.001 -22"><span class='ocrx_word' id='word_1_56' title='bbox 364 1452 448 1534; x_wconf 80' lang='lat' dir='ltr'>pacis</span> <span class='ocrx_word' id='word_1_57' title='bbox 471 1463 503 1514; x_wconf 84' lang='lat' dir='ltr'><strong>ct</strong></span> <span class='ocrx_word' id='word_1_58' title='bbox 527 1452 573 1515; x_wconf 91' lang='lat' dir='ltr'><strong>rei</strong></span> <span class='ocrx_word' id='word_1_59' title='bbox 595 1454 739 1535; x_wconf 89' lang='lat' dir='ltr'><strong>publicae</strong></span> <span class='ocrx_word' id='word_1_60' title='bbox 760 1454 951 1517; x_wconf 80' lang='lat' dir='ltr'>ordinandae</span> <span class='ocrx_word' id='word_1_61' title='bbox 977 1452 1211 1515; x_wconf 77' lang='lat' dir='ltr'><strong>conditionibus</strong></span> <span class='ocrx_word' id='word_1_62' title='bbox 1231 1450 1346 1536; x_wconf 79' lang='lat' dir='ltr'><strong>agit¹,</strong></span> 
     </span>
     <span class='ocr_line' id='line_1_12' title="bbox 362 1545 1338 1629; baseline 0.001 -22"><span class='ocrx_word' id='word_1_63' title='bbox 362 1545 531 1629; x_wconf 81' lang='lat' dir='ltr'><strong>dequibus</strong></span> <span class='ocrx_word' id='word_1_64' title='bbox 557 1566 626 1608; x_wconf 91' lang='lat' dir='ltr'><strong>cum</strong></span> <span class='ocrx_word' id='word_1_65' title='bbox 652 1547 734 1609; x_wconf 87' lang='lat' dir='ltr'><strong>inter</strong></span> <span class='ocrx_word' id='word_1_66' title='bbox 762 1568 818 1610; x_wconf 83' lang='lat' dir='ltr'><strong>eos</strong></span> <span class='ocrx_word' id='word_1_67' title='bbox 843 1549 926 1609; x_wconf 89' lang='lat' dir='ltr'><strong>haud</strong></span> <span class='ocrx_word' id='word_1_68' title='bbox 950 1545 1174 1621; x_wconf 73' lang='lat' dir='ltr'><strong>convenisset,</strong></span> <span class='ocrx_word' id='word_1_69' title='bbox 1213 1546 1338 1608; x_wconf 86' lang='lat' dir='ltr'><strong>exerci-</strong></span> 
     </span>
     <span class='ocr_line' id='line_1_13' title="bbox 363 1630 1443 1726; baseline -0.001 -26"><span class='ocrx_word' id='word_1_70' title='bbox 363 1650 412 1701; x_wconf 77' lang='lat' dir='ltr'><strong>tus</strong></span> <span class='ocrx_word' id='word_1_71' title='bbox 441 1637 599 1720; x_wconf 79' lang='lat' dir='ltr'><strong>Scipionis</strong></span> <span class='ocrx_word' id='word_1_72' title='bbox 629 1640 720 1726; x_wconf 81' lang='lat' dir='ltr'><strong>cigna</strong></span> <span class='ocrx_word' id='word_1_73' title='bbox 752 1642 793 1701; x_wconf 91' lang='lat' dir='ltr'><strong>ad</strong></span> <span class='ocrx_word' id='word_1_74' title='bbox 820 1641 945 1704; x_wconf 83' lang='lat' dir='ltr'><strong>Sullam</strong></span> <span class='ocrx_word' id='word_1_75' title='bbox 965 1639 1134 1715; x_wconf 65' lang='lat' dir='ltr'><strong>translern</strong></span> <span class='ocrx_word' id='word_1_76' title='bbox 1179 1642 1246 1722; x_wconf 79' lang='lat' dir='ltr'><strong>ipae</strong></span> <span class='ocrx_word' id='word_1_77' title='bbox 1273 1660 1372 1701; x_wconf 61' lang='lat' dir='ltr'><strong>cume</strong></span> <span class='ocrx_word' id='word_1_78' title='bbox 1440 1630 1443 1635; x_wconf 67' lang='grc'><strong>’</strong></span> 
     </span>
     <span class='ocr_line' id='line_1_14' title="bbox 364 1730 1348 1811; baseline -0.002 -16"><span class='ocrx_word' id='word_1_79' title='bbox 364 1730 429 1795; x_wconf 88' lang='lat' dir='ltr'><strong>lilio</strong></span> <span class='ocrx_word' id='word_1_80' title='bbox 447 1733 533 1797; x_wconf 80' lang='lat' dir='ltr'><strong>eolus</strong></span> <span class='ocrx_word' id='word_1_81' title='bbox 553 1731 713 1796; x_wconf 77' lang='lat' dir='ltr'><strong>incastris</strong></span> <span class='ocrx_word' id='word_1_82' title='bbox 735 1734 864 1797; x_wconf 83' lang='lat' dir='ltr'><strong>relictus</strong></span> <span class='ocrx_word' id='word_1_83' title='bbox 882 1754 899 1795; x_wconf 97' lang='lat' dir='ltr'><strong>a</strong></span> <span class='ocrx_word' id='word_1_84' title='bbox 915 1733 1000 1796; x_wconf 90' lang='lat' dir='ltr'><strong>Sulla</strong></span> <span class='ocrx_word' id='word_1_85' title='bbox 1020 1732 1185 1797; x_wconf 69' lang='lat' dir='ltr'><strong>dimittitur</strong></span> <span class='ocrx_word' id='word_1_86' title='bbox 1202 1743 1235 1811; x_wconf 82' lang='lat' dir='ltr'><strong>et</strong></span> <span class='ocrx_word' id='word_1_87' title='bbox 1251 1733 1348 1796; x_wconf 57' lang='lat' dir='ltr'><strong>Mau</strong></span> 
     </span>
     <span class='ocr_line' id='line_1_15' title="bbox 362 1824 1344 1910; baseline -0.001 -23"><span class='ocrx_word' id='word_1_88' title='bbox 362 1824 460 1890; x_wconf 80' lang='lat' dir='ltr'><strong>ailiam</strong></span> <span class='ocrx_word' id='word_1_89' title='bbox 487 1826 552 1889; x_wconf 84' lang='lat' dir='ltr'><strong>abit</strong></span> <span class='ocrx_word' id='word_1_90' title='bbox 573 1826 786 1891; x_wconf 78' lang='lat' dir='ltr'><strong>exsulatum.²</strong></span> <span class='ocrx_word' id='word_1_91' title='bbox 831 1826 1025 1910; x_wconf 81' lang='lat' dir='ltr'><strong>Capitolium</strong></span> <span class='ocrx_word' id='word_1_92' title='bbox 1054 1829 1094 1890; x_wconf 87' lang='lat' dir='ltr'><strong>de</strong></span> <span class='ocrx_word' id='word_1_93' title='bbox 1116 1826 1206 1890; x_wconf 90' lang='lat' dir='ltr'><strong>caclo</strong></span> <span class='ocrx_word' id='word_1_94' title='bbox 1226 1835 1344 1888; x_wconf 91' lang='lat' dir='ltr'><strong>tactum</strong></span> 
     </span>
     <span class='ocr_line' id='line_1_16' title="bbox 362 1919 549 2005; baseline 0.027 -25"><span class='ocrx_word' id='word_1_95' title='bbox 362 1919 549 2005; x_wconf 82' lang='lat' dir='ltr'><strong>conflagrat.</strong></span> 
     </span>
    </p>
   </div>
   <div class='ocr_carea' id='block_1_6' title="bbox 118 2036 1434 2144">
    <p class='ocr_par' dir='ltr' id='par_1_6' title="bbox 118 2036 1434 2144">
     <span class='ocr_line' id='line_1_17' title="bbox 118 2036 1434 2144; baseline -0.005 -15"><span class='ocrx_word' id='word_1_96' title='bbox 118 2036 120 2040; x_wconf 17' lang='grc' dir='ltr'><strong><em>ι</em></strong></span> <span class='ocrx_word' id='word_1_97' title='bbox 160 2055 240 2129; x_wconf 78' lang='grc'><strong>672</strong></span> <span class='ocrx_word' id='word_1_98' title='bbox 278 2065 329 2133; x_wconf 76' lang='grc'><strong>82</strong></span> <span class='ocrx_word' id='word_1_99' title='bbox 364 2057 461 2125; x_wconf 80' lang='lat' dir='ltr'><strong>Cosa.</strong></span> <span class='ocrx_word' id='word_1_100' title='bbox 505 2062 544 2125; x_wconf 83' lang='lat' dir='ltr'><strong>C.</strong></span> <span class='ocrx_word' id='word_1_101' title='bbox 567 2060 709 2126; x_wconf 80' lang='lat' dir='ltr'><strong>Mariua</strong></span> <span class='ocrx_word' id='word_1_102' title='bbox 730 2064 769 2127; x_wconf 81' lang='grc'><strong>0.</strong></span> <span class='ocrx_word' id='word_1_103' title='bbox 793 2065 854 2138; x_wconf 70' lang='lat' dir='ltr'><strong>R,</strong></span> <span class='ocrx_word' id='word_1_104' title='bbox 880 2064 940 2128; x_wconf 85' lang='lat' dir='ltr'><strong>Cu.</strong></span> <span class='ocrx_word' id='word_1_105' title='bbox 964 2060 1125 2144; x_wconf 74' lang='lat' dir='ltr'><strong>Papirius</strong></span> <span class='ocrx_word' id='word_1_106' title='bbox 1146 2058 1257 2125; x_wconf 82' lang='lat' dir='ltr'><strong><em>Carbo</em></strong></span> <span class='ocrx_word' id='word_1_107' title='bbox 1275 2060 1344 2124; x_wconf 83' lang='lat'><em>111.</em></span> <span class='ocrx_word' id='word_1_108' title='bbox 1383 2060 1434 2129; x_wconf 74' lang='lat'><strong>25</strong></span> 
     </span>
    </p>
   </div>
   <div class='ocr_carea' id='block_1_7' title="bbox 362 2170 1474 3286">
    <p class='ocr_par' dir='ltr' id='par_1_7' title="bbox 362 2170 1474 3286">
     <span class='ocr_line' id='line_1_18' title="bbox 406 2170 1345 2255; baseline -0.002 -21"><span class='ocrx_word' id='word_1_109' title='bbox 406 2171 449 2234; x_wconf 80' lang='lat'><strong>1..</strong></span> <span class='ocrx_word' id='word_1_110' title='bbox 472 2170 685 2255; x_wconf 82' lang='lat' dir='ltr'><strong>Damasippus</strong></span> <span class='ocrx_word' id='word_1_111' title='bbox 708 2185 838 2254; x_wconf 82' lang='lat' dir='ltr'><strong>praetor</strong></span> <span class='ocrx_word' id='word_1_112' title='bbox 852 2185 982 2238; x_wconf 88' lang='lat' dir='ltr'><strong>auctore</strong></span> <span class='ocrx_word' id='word_1_113' title='bbox 998 2171 1110 2237; x_wconf 91' lang='lat' dir='ltr'><strong>Mario</strong></span> <span class='ocrx_word' id='word_1_114' title='bbox 1125 2193 1195 2236; x_wconf 82' lang='lat' dir='ltr'><strong>cos.</strong></span> <span class='ocrx_word' id='word_1_115' title='bbox 1221 2192 1345 2237; x_wconf 86' lang='lat' dir='ltr'><strong>omnem</strong></span> 
     </span>
     <span class='ocr_line' id='line_1_19' title="bbox 364 2263 1345 2349; baseline 0.001 -24"><span class='ocrx_word' id='word_1_116' title='bbox 364 2263 559 2327; x_wconf 86' lang='lat' dir='ltr'><strong>nobilitatem</strong></span> <span class='ocrx_word' id='word_1_117' title='bbox 601 2266 749 2330; x_wconf 83' lang='lat' dir='ltr'><strong>trucidat.</strong></span> <span class='ocrx_word' id='word_1_118' title='bbox 811 2266 897 2330; x_wconf 86' lang='lat' dir='ltr'><strong>Sulla</strong></span> <span class='ocrx_word' id='word_1_119' title='bbox 943 2265 1018 2330; x_wconf 78' lang='lat' dir='ltr'><strong>fraso</strong></span> <span class='ocrx_word' id='word_1_120' title='bbox 1053 2267 1092 2329; x_wconf 90' lang='lat' dir='ltr'><strong>ad</strong></span> <span class='ocrx_word' id='word_1_121' title='bbox 1126 2265 1345 2349; x_wconf 78' lang='lat' dir='ltr'><strong>Sacriportum</strong></span> 
     </span>
     <span class='ocr_line' id='line_1_20' title="bbox 362 2357 1348 2446; baseline 0.005 -28"><span class='ocrx_word' id='word_1_122' title='bbox 362 2357 506 2446; x_wconf 81' lang='lat' dir='ltr'><strong>exercitu</strong></span> <span class='ocrx_word' id='word_1_123' title='bbox 535 2357 566 2420; x_wconf 93' lang='lat' dir='ltr'><strong>in</strong></span> <span class='ocrx_word' id='word_1_124' title='bbox 594 2359 716 2425; x_wconf 81' lang='lat' dir='ltr'><strong>Urbem</strong></span> <span class='ocrx_word' id='word_1_125' title='bbox 738 2359 845 2438; x_wconf 85' lang='lat' dir='ltr'><strong>veuit,</strong></span> <span class='ocrx_word' id='word_1_126' title='bbox 871 2358 1014 2424; x_wconf 75' lang='lat' dir='ltr'><strong>inimicos</strong></span> <span class='ocrx_word' id='word_1_127' title='bbox 1034 2359 1110 2445; x_wconf 81' lang='lat' dir='ltr'><strong>iuga</strong></span> <span class='ocrx_word' id='word_1_128' title='bbox 1129 2361 1255 2442; x_wconf 75' lang='lat' dir='ltr'><strong>elapsos</strong></span> <span class='ocrx_word' id='word_1_129' title='bbox 1271 2378 1348 2440; x_wconf 87' lang='lat' dir='ltr'><strong>pro·</strong></span> 
     </span>
     <span class='ocr_line' id='line_1_21' title="bbox 364 2444 1346 2537; baseline 0.007 -27"><span class='ocrx_word' id='word_1_130' title='bbox 364 2444 491 2525; x_wconf 72' lang='lat' dir='ltr'><strong>acribit,</strong></span> <span class='ocrx_word' id='word_1_131' title='bbox 529 2472 704 2537; x_wconf 87' lang='lat' dir='ltr'><strong>corumque</strong></span> <span class='ocrx_word' id='word_1_132' title='bbox 738 2455 821 2517; x_wconf 88' lang='lat' dir='ltr'><strong>bona</strong></span> <span class='ocrx_word' id='word_1_133' title='bbox 843 2452 994 2536; x_wconf 87' lang='lat' dir='ltr'><strong>publicat.</strong></span> <span class='ocrx_word' id='word_1_134' title='bbox 1038 2453 1162 2519; x_wconf 80' lang='lat' dir='ltr'><strong>Deinde</strong></span> <span class='ocrx_word' id='word_1_135' title='bbox 1186 2451 1346 2537; x_wconf 69' lang='lat' dir='ltr'><strong>praesidio</strong></span> 
     </span>
     <span class='ocr_line' id='line_1_22' title="bbox 365 2542 1345 2627; baseline 0.001 -19"><span class='ocrx_word' id='word_1_136' title='bbox 365 2542 444 2608; x_wconf 82' lang='lat' dir='ltr'><strong>Urbi</strong></span> <span class='ocrx_word' id='word_1_137' title='bbox 468 2543 619 2627; x_wconf 80' lang='lat' dir='ltr'><strong>imposito</strong></span> <span class='ocrx_word' id='word_1_138' title='bbox 648 2544 710 2611; x_wconf 89' lang='lat' dir='ltr'><strong>Cu.</strong></span> <span class='ocrx_word' id='word_1_139' title='bbox 741 2546 923 2612; x_wconf 87' lang='lat' dir='ltr'><strong>Carbonem</strong></span> <span class='ocrx_word' id='word_1_140' title='bbox 939 2549 972 2624; x_wconf 84' lang='lat'><strong>³,</strong></span> <span class='ocrx_word' id='word_1_141' title='bbox 1011 2550 1145 2611; x_wconf 88' lang='lat' dir='ltr'><strong>alterum</strong></span> <span class='ocrx_word' id='word_1_142' title='bbox 1170 2546 1345 2621; x_wconf 81' lang='lat' dir='ltr'><strong>consulem,</strong></span> 
     </span>
     <span class='ocr_line' id='line_1_23' title="bbox 366 2636 1474 2726; baseline 0.007 -30"><span class='ocrx_word' id='word_1_143' title='bbox 366 2636 485 2721; x_wconf 79' lang='lat' dir='ltr'><strong>aliquot</strong></span> <span class='ocrx_word' id='word_1_144' title='bbox 500 2638 630 2718; x_wconf 78' lang='lat' dir='ltr'><strong>proeliis</strong></span> <span class='ocrx_word' id='word_1_145' title='bbox 649 2639 756 2719; x_wconf 82' lang='lat' dir='ltr'><strong>vincit,</strong></span> <span class='ocrx_word' id='word_1_146' title='bbox 779 2663 870 2726; x_wconf 87' lang='lat' dir='ltr'><strong>quem</strong></span> <span class='ocrx_word' id='word_1_147' title='bbox 890 2663 976 2719; x_wconf 88' lang='lat' dir='ltr'><strong>mox,</strong></span> <span class='ocrx_word' id='word_1_148' title='bbox 992 2642 1024 2705; x_wconf 94' lang='lat' dir='ltr'><strong>in</strong></span> <span class='ocrx_word' id='word_1_149' title='bbox 1041 2640 1176 2706; x_wconf 88' lang='lat' dir='ltr'><strong>Siciliam</strong></span> <span class='ocrx_word' id='word_1_150' title='bbox 1192 2642 1345 2724; x_wconf 74' lang='lat' dir='ltr'><strong>elapsum,</strong></span> <span class='ocrx_word' id='word_1_151' title='bbox 1443 2660 1448 2669; x_wconf 86' lang='lat'>·</span> <span class='ocrx_word' id='word_1_152' title='bbox 1468 2640 1474 2659; x_wconf 87' lang='lat'><strong><em>¹</em></strong></span> 
     </span>
     <span class='ocr_line' id='line_1_24' title="bbox 367 2727 1348 2819; baseline 0.003 -27"><span class='ocrx_word' id='word_1_153' title='bbox 367 2727 429 2792; x_wconf 91' lang='lat' dir='ltr'><strong>Cn.</strong></span> <span class='ocrx_word' id='word_1_154' title='bbox 452 2731 625 2812; x_wconf 80' lang='lat' dir='ltr'><strong>Pompeius</strong></span> <span class='ocrx_word' id='word_1_155' title='bbox 647 2745 773 2815; x_wconf 87' lang='lat' dir='ltr'><strong>captum</strong></span> <span class='ocrx_word' id='word_1_156' title='bbox 797 2734 969 2799; x_wconf 76' lang='lat' dir='ltr'><strong>inter-lecit.</strong></span> <span class='ocrx_word' id='word_1_157' title='bbox 1011 2735 1182 2801; x_wconf 76' lang='lat' dir='ltr'><strong>Postremo</strong></span> <span class='ocrx_word' id='word_1_158' title='bbox 1204 2734 1348 2819; x_wconf 77' lang='lat' dir='ltr'><strong>reliquos</strong></span> 
     </span>
     <span class='ocr_line' id='line_1_25' title="bbox 367 2822 1362 2911; baseline 0.002 -25"><span class='ocrx_word' id='word_1_159' title='bbox 367 2822 531 2888; x_wconf 85' lang='lat' dir='ltr'><strong>Marianae</strong></span> <span class='ocrx_word' id='word_1_160' title='bbox 545 2825 691 2892; x_wconf 79' lang='lat' dir='ltr'><strong>laetioris</strong></span> <span class='ocrx_word' id='word_1_161' title='bbox 712 2828 807 2891; x_wconf 82' lang='lat' dir='ltr'><strong>duces</strong></span> <span class='ocrx_word' id='word_1_162' title='bbox 828 2826 1027 2905; x_wconf 88' lang='lat' dir='ltr'><strong>Carinatcm‚</strong></span> <span class='ocrx_word' id='word_1_163' title='bbox 1059 2825 1292 2911; x_wconf 80' lang='lat' dir='ltr'><strong>Damasippum</strong></span> <span class='ocrx_word' id='word_1_164' title='bbox 1314 2834 1362 2903; x_wconf 82' lang='lat' dir='ltr'><strong>ett</strong></span> 
     </span>
     <span class='ocr_line' id='line_1_26' title="bbox 369 2916 1348 3006; baseline 0.003 -26"><span class='ocrx_word' id='word_1_165' title='bbox 369 2916 409 2980; x_wconf 86' lang='lat' dir='ltr'><strong>C.</strong></span> <span class='ocrx_word' id='word_1_166' title='bbox 442 2917 600 2981; x_wconf 83' lang='lat' dir='ltr'><strong>Marcium</strong></span> <span class='ocrx_word' id='word_1_167' title='bbox 630 2919 841 2985; x_wconf 83' lang='lat' dir='ltr'><strong>Censorinum</strong></span> <span class='ocrx_word' id='word_1_168' title='bbox 872 2944 942 2984; x_wconf 91' lang='lat' dir='ltr'><strong>eum</strong></span> <span class='ocrx_word' id='word_1_169' title='bbox 971 2921 1068 2987; x_wconf 74' lang='lat' dir='ltr'><strong>sociis</strong></span> <span class='ocrx_word' id='word_1_170' title='bbox 1096 2920 1214 3005; x_wconf 80' lang='lat' dir='ltr'><strong>ingenti</strong></span> <span class='ocrx_word' id='word_1_171' title='bbox 1240 2942 1348 3006; x_wconf 87' lang='lat' dir='ltr'><strong>pogna</strong></span> 
     </span>
     <span class='ocr_line' id='line_1_27' title="bbox 367 3012 1348 3100; baseline 0.002 -27"><span class='ocrx_word' id='word_1_172' title='bbox 367 3023 508 3092; x_wconf 79' lang='lat' dir='ltr'><strong>superat.</strong></span> <span class='ocrx_word' id='word_1_173' title='bbox 552 3012 626 3092; x_wconf 83' lang='lat' dir='ltr'><strong>Quo</strong></span> <span class='ocrx_word' id='word_1_174' title='bbox 649 3012 735 3077; x_wconf 81' lang='lat' dir='ltr'><strong>laeto</strong></span> <span class='ocrx_word' id='word_1_175' title='bbox 758 3013 789 3076; x_wconf 91' lang='lat' dir='ltr'><strong>in</strong></span> <span class='ocrx_word' id='word_1_176' title='bbox 812 3016 931 3079; x_wconf 89' lang='lat' dir='ltr'><strong>Urbem</strong></span> <span class='ocrx_word' id='word_1_177' title='bbox 953 3016 1035 3079; x_wconf 85' lang='lat' dir='ltr'><strong>redit</strong></span> <span class='ocrx_word' id='word_1_178' title='bbox 1057 3027 1089 3078; x_wconf 82' lang='lat' dir='ltr'><strong>ct</strong></span> <span class='ocrx_word' id='word_1_179' title='bbox 1103 3036 1214 3100; x_wconf 82' lang='lat' dir='ltr'><strong>magna</strong></span> <span class='ocrx_word' id='word_1_180' title='bbox 1233 3015 1348 3078; x_wconf 80' lang='lat' dir='ltr'><strong>civium</strong></span> 
     </span>
     <span class='ocr_line' id='line_1_28' title="bbox 369 3104 1349 3192; baseline 0.006 -27"><span class='ocrx_word' id='word_1_181' title='bbox 369 3104 562 3168; x_wconf 91' lang='lat' dir='ltr'><strong>multitudiue</strong></span> <span class='ocrx_word' id='word_1_182' title='bbox 578 3107 791 3171; x_wconf 75' lang='lat' dir='ltr'><strong>crudelissime</strong></span> <span class='ocrx_word' id='word_1_183' title='bbox 806 3107 960 3172; x_wconf 85' lang='lat' dir='ltr'><strong>trucidata</strong></span> <span class='ocrx_word' id='word_1_184' title='bbox 971 3108 1121 3175; x_wconf 81' lang='lat' dir='ltr'><strong>dictator</strong></span> <span class='ocrx_word' id='word_1_185' title='bbox 1135 3108 1176 3171; x_wconf 91' lang='lat' dir='ltr'><strong>ab</strong></span> <span class='ocrx_word' id='word_1_186' title='bbox 1188 3107 1349 3192; x_wconf 75' lang='lat' dir='ltr'><strong>interrege</strong></span> 
     </span>
     <span class='ocr_line' id='line_1_29' title="bbox 371 3192 1450 3286; baseline 0.006 -28"><span class='ocrx_word' id='word_1_187' title='bbox 371 3198 412 3260; x_wconf 90' lang='lat' dir='ltr'><strong>L.</strong></span> <span class='ocrx_word' id='word_1_188' title='bbox 436 3197 569 3263; x_wconf 87' lang='lat' dir='ltr'><strong>Valerio</strong></span> <span class='ocrx_word' id='word_1_189' title='bbox 596 3201 715 3266; x_wconf 89' lang='lat' dir='ltr'><strong>Flacco</strong></span> <span class='ocrx_word' id='word_1_190' title='bbox 744 3202 816 3286; x_wconf 84' lang='lat' dir='ltr'><strong>lege</strong></span> <span class='ocrx_word' id='word_1_191' title='bbox 843 3204 881 3264; x_wconf 86' lang='lat' dir='ltr'><strong>ad</strong></span> <span class='ocrx_word' id='word_1_192' title='bbox 907 3203 1059 3286; x_wconf 90' lang='lat' dir='ltr'><strong>populum</strong></span> <span class='ocrx_word' id='word_1_193' title='bbox 1091 3203 1152 3267; x_wconf 89' lang='lat' dir='ltr'><strong>lata</strong></span> <span class='ocrx_word' id='word_1_194' title='bbox 1178 3202 1349 3277; x_wconf 76' lang='lat' dir='ltr'><strong>ercatur⁴3</strong></span> <span class='ocrx_word' id='word_1_195' title='bbox 1446 3192 1450 3231; x_wconf 74' lang='lat'>³</span> 
     </span>
    </p>
   </div>
   <div class='ocr_carea' id='block_1_8' title="bbox 369 3291 1350 3469">
    <p class='ocr_par' dir='ltr' id='par_1_8' title="bbox 369 3291 1350 3469">
     <span class='ocr_line' id='line_1_30' title="bbox 369 3291 1350 3380; baseline 0.007 -29"><span class='ocrx_word' id='word_1_196' title='bbox 369 3311 461 3372; x_wconf 74' lang='lat' dir='ltr'><strong>quiam</strong></span> <span class='ocrx_word' id='word_1_197' title='bbox 487 3291 671 3356; x_wconf 85' lang='lat' dir='ltr'><strong>dictaturam</strong></span> <span class='ocrx_word' id='word_1_198' title='bbox 697 3315 756 3376; x_wconf 82' lang='lat' dir='ltr'><strong>pcc</strong></span> <span class='ocrx_word' id='word_1_199' title='bbox 780 3294 901 3380; x_wconf 90' lang='lat' dir='ltr'><strong>aliquot</strong></span> <span class='ocrx_word' id='word_1_200' title='bbox 933 3315 1034 3361; x_wconf 72' lang='lat' dir='ltr'><strong>annot</strong></span> <span class='ocrx_word' id='word_1_201' title='bbox 1059 3307 1162 3372; x_wconf 81' lang='lat' dir='ltr'><strong>tenet,</strong></span> <span class='ocrx_word' id='word_1_202' title='bbox 1201 3296 1350 3359; x_wconf 75' lang='lat' dir='ltr'><strong>conculca</strong></span> 
     </span>
     <span class='ocr_line' id='line_1_31' title="bbox 372 3384 734 3469; baseline 0.014 -25"><span class='ocrx_word' id='word_1_203' title='bbox 372 3395 472 3445; x_wconf 88' lang='lat' dir='ltr'><strong>tamen</strong></span> <span class='ocrx_word' id='word_1_204' title='bbox 490 3384 591 3450; x_wconf 87' lang='lat' dir='ltr'><strong>creari</strong></span> <span class='ocrx_word' id='word_1_205' title='bbox 608 3407 734 3469; x_wconf 76' lang='lat' dir='ltr'><strong>pascua.</strong></span> 
     </span>
    </p>
   </div>
   <div class='ocr_carea' id='block_1_9' title="bbox 166 3519 1441 3605">
    <p class='ocr_par' dir='ltr' id='par_1_9' title="bbox 166 3519 1441 3605">
     <span class='ocr_line' id='line_1_32' title="bbox 166 3519 1441 3605; baseline -0.001 -15"><span class='ocrx_word' id='word_1_206' title='bbox 166 3520 246 3591; x_wconf 69' lang='lat'><strong>6⁷3</strong></span> <span class='ocrx_word' id='word_1_207' title='bbox 286 3531 335 3598; x_wconf 79' lang='lat'><strong>81</strong></span> <span class='ocrx_word' id='word_1_208' title='bbox 371 3519 471 3586; x_wconf 74' lang='lat' dir='ltr'><strong>Coss.</strong></span> <span class='ocrx_word' id='word_1_209' title='bbox 514 3526 569 3589; x_wconf 89' lang='lat' dir='ltr'><strong>M.</strong></span> <span class='ocrx_word' id='word_1_210' title='bbox 583 3527 718 3591; x_wconf 67' lang='lat' dir='ltr'><strong>Tullius</strong></span> <span class='ocrx_word' id='word_1_211' title='bbox 731 3529 872 3605; x_wconf 78' lang='lat' dir='ltr'><strong>Deculo,</strong></span> <span class='ocrx_word' id='word_1_212' title='bbox 892 3532 954 3595; x_wconf 82' lang='lat' dir='ltr'><strong>Cra.</strong></span> <span class='ocrx_word' id='word_1_213' title='bbox 970 3530 1147 3596; x_wconf 74' lang='lat' dir='ltr'><strong>Corneliam</strong></span> <span class='ocrx_word' id='word_1_214' title='bbox 1158 3529 1349 3597; x_wconf 79' lang='lat' dir='ltr'><strong>Dolabella.</strong></span> <span class='ocrx_word' id='word_1_215' title='bbox 1389 3519 1441 3596; x_wconf 65' lang='lat'><strong>2⁸</strong></span> 
     </span>
    </p>
   </div>
   <div class='ocr_carea' id='block_1_10' title="bbox 376 3634 1350 3808">
    <p class='ocr_par' dir='ltr' id='par_1_10' title="bbox 376 3634 1350 3808">
     <span class='ocr_line' id='line_1_33' title="bbox 413 3634 1350 3726; baseline 0.013 -32"><span class='ocrx_word' id='word_1_216' title='bbox 413 3634 498 3698; x_wconf 89' lang='lat' dir='ltr'><strong>Sulla</strong></span> <span class='ocrx_word' id='word_1_217' title='bbox 517 3658 582 3699; x_wconf 91' lang='lat' dir='ltr'><strong>rem</strong></span> <span class='ocrx_word' id='word_1_218' title='bbox 609 3638 764 3719; x_wconf 88' lang='lat' dir='ltr'><strong>publicam</strong></span> <span class='ocrx_word' id='word_1_219' title='bbox 795 3639 888 3705; x_wconf 73' lang='lat' dir='ltr'><strong>novio</strong></span> <span class='ocrx_word' id='word_1_220' title='bbox 915 3641 1038 3726; x_wconf 78' lang='lat' dir='ltr'><strong>legibus</strong></span> <span class='ocrx_word' id='word_1_221' title='bbox 1064 3640 1241 3707; x_wconf 80' lang='lat' dir='ltr'><strong>constitnit.</strong></span> <span class='ocrx_word' id='word_1_222' title='bbox 1286 3640 1350 3706; x_wconf 86' lang='lat' dir='ltr'><strong>Cn.</strong></span> 
     </span>
     <span class='ocr_line' id='line_1_34' title="bbox 376 3727 1350 3808; baseline 0.007 -18"><span class='ocrx_word' id='word_1_223' title='bbox 376 3727 562 3808; x_wconf 76' lang='lat' dir='ltr'><strong>Pompeius,</strong></span> <span class='ocrx_word' id='word_1_224' title='bbox 598 3732 683 3795; x_wconf 90' lang='lat' dir='ltr'><strong>bello</strong></span> <span class='ocrx_word' id='word_1_225' title='bbox 710 3731 741 3795; x_wconf 89' lang='lat' dir='ltr'><strong>io</strong></span> <span class='ocrx_word' id='word_1_226' title='bbox 770 3734 880 3797; x_wconf 82' lang='lat' dir='ltr'><strong>Africa</strong></span> <span class='ocrx_word' id='word_1_227' title='bbox 910 3755 980 3799; x_wconf 91' lang='lat' dir='ltr'><strong>cum</strong></span> <span class='ocrx_word' id='word_1_228' title='bbox 1003 3736 1146 3801; x_wconf 88' lang='lat' dir='ltr'><strong>Domitio</strong></span> <span class='ocrx_word' id='word_1_229' title='bbox 1172 3747 1203 3800; x_wconf 86' lang='lat' dir='ltr'><strong>ct</strong></span> <span class='ocrx_word' id='word_1_230' title='bbox 1227 3734 1350 3802; x_wconf 82' lang='lat' dir='ltr'><strong>Hiarba</strong></span> 
     </span>
    </p>
   </div>
   <div class='ocr_carea' id='block_1_11' title="bbox 374 3823 1352 4000">
    <p class='ocr_par' dir='ltr' id='par_1_11' title="bbox 374 3823 1352 4000">
     <span class='ocr_line' id='line_1_35' title="bbox 374 3823 1352 3978; baseline 0.01 -96"><span class='ocrx_word' id='word_1_231' title='bbox 374 3841 449 3927; x_wconf 27' lang='lat' dir='ltr'><strong>rouge</strong></span> <span class='ocrx_word' id='word_1_232' title='bbox 471 3823 634 3978; x_wconf 60' lang='lat' dir='ltr'><strong>ltpunidiac</strong></span> <span class='ocrx_word' id='word_1_233' title='bbox 663 3826 832 3904; x_wconf 87' lang='lat' dir='ltr'><strong>conlecto,</strong></span> <span class='ocrx_word' id='word_1_234' title='bbox 864 3830 1001 3894; x_wconf 84' lang='lat' dir='ltr'><strong>XXVI.</strong></span> <span class='ocrx_word' id='word_1_235' title='bbox 1021 3851 1119 3896; x_wconf 82' lang='lat' dir='ltr'><strong>annos</strong></span> <span class='ocrx_word' id='word_1_236' title='bbox 1143 3842 1234 3893; x_wconf 74' lang='lat' dir='ltr'><strong>natos</strong></span> <span class='ocrx_word' id='word_1_237' title='bbox 1253 3850 1352 3913; x_wconf 73' lang='lat' dir='ltr'><strong>eques</strong></span> 
     </span>
     <span class='ocr_line' id='line_1_36' title="bbox 374 3928 556 4000; baseline 0.022 -23"><span class='ocrx_word' id='word_1_238' title='bbox 374 3928 488 4000; x_wconf 87' lang='lat' dir='ltr'><strong>trutmp</strong></span> <span class='ocrx_word' id='word_1_239' title='bbox 514 3929 556 3981; x_wconf 82' lang='lat' dir='ltr'><strong>at.</strong></span> 
     </span>
    </p>
   </div>
   <div class='ocr_carea' id='block_1_12' title="bbox 415 4029 1121 4125">
    <p class='ocr_par' dir='ltr' id='par_1_12' title="bbox 415 4029 1121 4125">
     <span class='ocr_line' id='line_1_37' title="bbox 415 4029 1121 4125; baseline 0.006 -23"><span class='ocrx_word' id='word_1_240' title='bbox 415 4029 533 4102; x_wconf 82' lang='lat' dir='ltr'><strong>Cicero</strong></span> <span class='ocrx_word' id='word_1_241' title='bbox 555 4037 736 4103; x_wconf 85' lang='lat' dir='ltr'><strong>oratloncm</strong></span> <span class='ocrx_word' id='word_1_242' title='bbox 757 4037 858 4105; x_wconf 82' lang='lat' dir='ltr'><strong>babet</strong></span> <span class='ocrx_word' id='word_1_243' title='bbox 877 4059 941 4125; x_wconf 85' lang='lat' dir='ltr'><strong>pro</strong></span> <span class='ocrx_word' id='word_1_244' title='bbox 972 4038 1121 4120; x_wconf 66' lang='lat' dir='ltr'><strong>Qutrmo.</strong></span> 
     </span>
    </p>
   </div>
   <div class='ocr_carea' id='block_1_13' title="bbox 171 4162 1449 4329">
    <p class='ocr_par' dir='ltr' id='par_1_13' title="bbox 171 4162 1449 4329">
     <span class='ocr_line' id='line_1_38' title="bbox 171 4162 1449 4329; baseline 0.003 -94"><span class='ocrx_word' id='word_1_245' title='bbox 171 4163 252 4235; x_wconf 77' lang='grc'><strong>674</strong></span> <span class='ocrx_word' id='word_1_246' title='bbox 289 4172 343 4242; x_wconf 83' lang='grc'><strong>80</strong></span> <span class='ocrx_word' id='word_1_247' title='bbox 374 4168 472 4236; x_wconf 81' lang='lat' dir='ltr'><strong>Coss.</strong></span> <span class='ocrx_word' id='word_1_248' title='bbox 515 4173 557 4327; x_wconf 57' lang='lat' dir='ltr'><strong>IL.</strong></span> <span class='ocrx_word' id='word_1_249' title='bbox 581 4173 759 4329; x_wconf 54' lang='lat' dir='ltr'><strong>‘ll&#39;lnellm</strong></span> <span class='ocrx_word' id='word_1_250' title='bbox 782 4175 879 4239; x_wconf 83' lang='lat' dir='ltr'><strong>Sulla</strong></span> <span class='ocrx_word' id='word_1_251' title='bbox 899 4177 948 4241; x_wconf 87' lang='lat'><strong>11.</strong></span> <span class='ocrx_word' id='word_1_252' title='bbox 971 4178 1016 4260; x_wconf 81' lang='lat' dir='ltr'><strong>Q.</strong></span> <span class='ocrx_word' id='word_1_253' title='bbox 1041 4175 1208 4242; x_wconf 72' lang='lat' dir='ltr'><strong>Caeciliae</strong></span> <span class='ocrx_word' id='word_1_254' title='bbox 1229 4174 1354 4240; x_wconf 83' lang='lat' dir='ltr'><strong>Metel·</strong></span> <span class='ocrx_word' id='word_1_255' title='bbox 1392 4162 1449 4239; x_wconf 60' lang='lat' dir='ltr'><em>W</em></span> 
     </span>
     <span class='ocr_line' id='line_1_39' title="bbox 529 4284 689 4329; baseline 0 -1"><span class='ocrx_word' id='word_1_256' title='bbox 529 4286 570 4328; x_wconf 82' lang='lat' dir='ltr'><strong>cc</strong></span> <span class='ocrx_word' id='word_1_257' title='bbox 623 4284 689 4329; x_wconf 80' lang='lat' dir='ltr'><strong>rrae.</strong></span> 
     </span>
    </p>
   </div>
   <div class='ocr_carea' id='block_1_14' title="bbox 376 4374 1357 4540">
    <p class='ocr_par' dir='ltr' id='par_1_14' title="bbox 376 4374 1357 4540">
     <span class='ocr_line' id='line_1_40' title="bbox 376 4374 1357 4540; baseline 0.007 -95"><span class='ocrx_word' id='word_1_258' title='bbox 376 4374 531 4540; x_wconf 55' lang='lat' dir='ltr'><strong>reilleio</strong></span> <span class='ocrx_word' id='word_1_259' title='bbox 553 4380 702 4449; x_wconf 80' lang='lat' dir='ltr'><strong>delendtt</strong></span> <span class='ocrx_word' id='word_1_260' title='bbox 717 4381 798 4453; x_wconf 83' lang='lat' dir='ltr'><strong>Sex.</strong></span> <span class='ocrx_word' id='word_1_261' title='bbox 815 4385 972 4456; x_wconf 82' lang='lat' dir='ltr'><strong>Roscium</strong></span> <span class='ocrx_word' id='word_1_262' title='bbox 986 4388 1177 4456; x_wconf 82' lang='lat' dir='ltr'><strong>Amerinum</strong></span> <span class='ocrx_word' id='word_1_263' title='bbox 1188 4385 1357 4475; x_wconf 81' lang='lat' dir='ltr'><strong>prrnctdtt</strong></span> 
     </span>
    </p>
   </div>
   <div class='ocr_carea' id='block_1_15' title="bbox 267 4596 596 4619">
    <p class='ocr_par' dir='ltr' id='par_1_15' title="bbox 267 4596 596 4619">
     <span class='ocr_line' id='line_1_41' title="bbox 267 4596 596 4619; baseline 0.003 -11"><span class='ocrx_word' id='word_1_264' title='bbox 267 4596 596 4619; x_wconf 57' lang='lat'>—-—-—</span> 
     </span>
    </p>
   </div>
   <div class='ocr_carea' id='block_1_16' title="bbox 259 4630 1352 4896">
    <p class='ocr_par' dir='ltr' id='par_1_16' title="bbox 259 4630 1352 4896">
     <span class='ocr_line' id='line_1_42' title="bbox 259 4630 1352 4896; baseline 0.011 -189"><span class='ocrx_word' id='word_1_265' title='bbox 259 4630 265 4896; x_wconf 83' lang='grc' dir='ltr'>Ι</span> <span class='ocrx_word' id='word_1_266' title='bbox 413 4657 691 4719; x_wconf 66' lang='lat' dir='ltr'><strong>urrunnun.</strong></span> <span class='ocrx_word' id='word_1_267' title='bbox 740 4663 995 4737; x_wconf 67' lang='lat' dir='ltr'><strong>etprosemoa.</strong></span> <span class='ocrx_word' id='word_1_268' title='bbox 1046 4664 1352 4731; x_wconf 61' lang='lat' dir='ltr'><strong>aratorumne</strong></span> 
     </span>
    </p>
   </div>
   <div class='ocr_carea' id='block_1_17' title="bbox 375 4735 1354 4863">
    <p class='ocr_par' dir='ltr' id='par_1_17' title="bbox 375 4735 1354 4863">
     <span class='ocr_line' id='line_1_43' title="bbox 375 4735 1354 4863; baseline 0.003 -76"><span class='ocrx_word' id='word_1_269' title='bbox 375 4736 522 4863; x_wconf 20' lang='lat' dir='ltr'><strong>Ultra-lt)</strong></span> <span class='ocrx_word' id='word_1_270' title='bbox 547 4735 579 4788; x_wconf 83' lang='lat' dir='ltr'><strong>dc</strong></span> <span class='ocrx_word' id='word_1_271' title='bbox 608 4737 668 4809; x_wconf 72' lang='lat' dir='ltr'><strong>lege</strong></span> <span class='ocrx_word' id='word_1_272' title='bbox 696 4752 752 4812; x_wconf 72' lang='lat' dir='ltr'><strong>agr.</strong></span> <span class='ocrx_word' id='word_1_273' title='bbox 779 4736 830 4793; x_wconf 80' lang='lat' dir='ltr'><strong>lll.</strong></span> <span class='ocrx_word' id='word_1_274' title='bbox 855 4743 883 4797; x_wconf 83' lang='lat'><strong>2.</strong></span> <span class='ocrx_word' id='word_1_275' title='bbox 934 4745 966 4810; x_wconf 79' lang='lat'><strong>5)</strong></span> <span class='ocrx_word' id='word_1_276' title='bbox 992 4743 1070 4798; x_wconf 78' lang='lat' dir='ltr'><strong>Brut.</strong></span> <span class='ocrx_word' id='word_1_277' title='bbox 1090 4744 1136 4800; x_wconf 85' lang='lat'><strong>90.</strong></span> <span class='ocrx_word' id='word_1_278' title='bbox 1161 4738 1214 4794; x_wconf 79' lang='lat' dir='ltr'><strong>cle.</strong></span> <span class='ocrx_word' id='word_1_279' title='bbox 1239 4741 1273 4793; x_wconf 85' lang='lat' dir='ltr'><strong>da</strong></span> <span class='ocrx_word' id='word_1_280' title='bbox 1299 4737 1354 4794; x_wconf 81' lang='lat' dir='ltr'><strong>Oli.</strong></span> 
     </span>
    </p>
   </div>
   <div class='ocr_carea' id='block_1_18' title="bbox 180 4956 190 4991">
    <p class='ocr_par' dir='ltr' id='par_1_18' title="bbox 180 4956 190 4991">
     <span class='ocr_line' id='line_1_44' title="bbox 180 4956 190 4991; baseline 0 0"><span class='ocrx_word' id='word_1_281' title='bbox 180 4956 190 4991; x_wconf 90' lang='lat' dir='ltr'><strong>t</strong></span> 
     </span>
    </p>
   </div>
   <div class='ocr_carea' id='block_1_19' title="bbox 0 0 1619 5310">
    <p class='ocr_par' dir='ltr' id='par_1_19' title="bbox 0 0 1619 5310">
     <span class='ocr_line' id='line_1_45' title="bbox 0 0 1619 5310; baseline 0 0"><span class='ocrx_word' id='word_1_282' title='bbox 0 0 1619 5310; x_wconf 95' lang='lat' dir='ltr'><strong> </strong></span> 
     </span>
    </p>
   </div>
  </div>
 </body>
</html>
