<?xml version="1.0" encoding="UTF-8"?>
<!DOCTYPE html PUBLIC "-//W3C//DTD XHTML 1.0 Transitional//EN"
    "http://www.w3.org/TR/xhtml1/DTD/xhtml1-transitional.dtd">
<html xmlns="http://www.w3.org/1999/xhtml" xml:lang="en" lang="en">
 <head>
  <title>
</title>
<meta http-equiv="Content-Type" content="text/html;charset=utf-8" />
  <meta name='ocr-system' content='tesseract 3.04.00' />
  <meta name='ocr-capabilities' content='ocr_page ocr_carea ocr_par ocr_line ocrx_word'/>
</head>
<body>
  <div class='ocr_page' id='page_1' title='image "./operaquaesupers07halmgoog/operaquaesupers07halmgoog_0048.png"; bbox 0 0 3218 5310; ppageno 0'>
   <div class='ocr_carea' id='block_1_1' title="bbox 672 257 1472 331">
    <p class='ocr_par' dir='ltr' id='par_1_1' title="bbox 672 257 1472 331">
     <span class='ocr_line' id='line_1_1' title="bbox 672 257 1472 331; baseline 0.006 -8"><span class='ocrx_word' id='word_1_1' title='bbox 672 257 909 324; x_wconf 80' lang='lat' dir='ltr'><strong>HISTORIA.</strong></span> <span class='ocrx_word' id='word_1_2' title='bbox 1431 266 1472 331; x_wconf 79' lang='lat'><strong><em>37</em></strong></span> 
     </span>
    </p>
   </div>
   <div class='ocr_carea' id='block_1_2' title="bbox 135 396 1577 4203">
    <p class='ocr_par' dir='ltr' id='par_1_2' title="bbox 135 396 1577 4203">
     <span class='ocr_line' id='line_1_2' title="bbox 147 396 1577 490; baseline 0.001 -23"><span class='ocrx_word' id='word_1_3' title='bbox 147 398 313 467; x_wconf 79' lang='lat' dir='ltr'><strong><em>ludorum</em></strong></span> <span class='ocrx_word' id='word_1_4' title='bbox 332 396 527 462; x_wconf 75' lang='lat' dir='ltr'><strong><em>celebritate</em></strong></span> <span class='ocrx_word' id='word_1_5' title='bbox 541 396 773 478; x_wconf 81' lang='lat' dir='ltr'><strong><em>placandum,-</em></strong></span> <span class='ocrx_word' id='word_1_6' title='bbox 788 401 873 463; x_wconf 86' lang='lat' dir='ltr'><strong><em>mihi</em></strong></span> <span class='ocrx_word' id='word_1_7' title='bbox 888 399 985 464; x_wconf 87' lang='lat' dir='ltr'><strong><em>ludos</em></strong></span> <span class='ocrx_word' id='word_1_8' title='bbox 1000 404 1273 490; x_wconf 74' lang='lat' dir='ltr'><strong><em>antiquissimos,</em></strong></span> <span class='ocrx_word' id='word_1_9' title='bbox 1290 408 1352 490; x_wconf 75' lang='lat' dir='ltr'><strong><em>qui</em></strong></span> <span class='ocrx_word' id='word_1_10' title='bbox 1365 408 1472 486; x_wconf 89' lang='lat' dir='ltr'><strong><em>primi</em></strong></span> <span class='ocrx_word' id='word_1_11' title='bbox 1574 426 1577 433; x_wconf 87' lang='lat'><em>·</em></span> 
     </span>
     <span class='ocr_line' id='line_1_3' title="bbox 144 489 1469 576; baseline 0.001 -21"><span class='ocrx_word' id='word_1_12' title='bbox 144 490 294 555; x_wconf 87' lang='lat' dir='ltr'><strong><em>llomani</em></strong></span> <span class='ocrx_word' id='word_1_13' title='bbox 317 496 395 552; x_wconf 89' lang='lat' dir='ltr'><strong><em>sunt</em></strong></span> <span class='ocrx_word' id='word_1_14' title='bbox 419 489 608 565; x_wconf 85' lang='lat' dir='ltr'><strong><em>nominati,</em></strong></span> <span class='ocrx_word' id='word_1_15' title='bbox 643 493 798 552; x_wconf 80' lang='lat' dir='ltr'><strong><em>maxima</em></strong></span> <span class='ocrx_word' id='word_1_16' title='bbox 828 511 907 554; x_wconf 90' lang='lat' dir='ltr'><strong><em>cnm</em></strong></span> <span class='ocrx_word' id='word_1_17' title='bbox 935 491 1100 574; x_wconf 74' lang='lat' dir='ltr'><strong><em>dignitate</em></strong></span> <span class='ocrx_word' id='word_1_18' title='bbox 1128 513 1172 558; x_wconf 90' lang='lat' dir='ltr'><strong><em>ae</em></strong></span> <span class='ocrx_word' id='word_1_19' title='bbox 1192 495 1358 576; x_wconf 80' lang='lat' dir='ltr'><strong><em>religione</em></strong></span> <span class='ocrx_word' id='word_1_20' title='bbox 1379 496 1469 575; x_wconf 78' lang='lat' dir='ltr'><strong><em>lovi,</em></strong></span> 
     </span>
     <span class='ocr_line' id='line_1_4' title="bbox 145 577 1467 666; baseline 0.002 -20"><span class='ocrx_word' id='word_1_21' title='bbox 145 580 273 646; x_wconf 88' lang='lat' dir='ltr'><strong><em>lunoni</em></strong></span> <span class='ocrx_word' id='word_1_22' title='bbox 290 579 531 662; x_wconf 74' lang='lat' dir='ltr'><strong><em>Minervaeque</em></strong></span> <span class='ocrx_word' id='word_1_23' title='bbox 559 599 626 642; x_wconf 86' lang='lat' dir='ltr'><strong><em>esse</em></strong></span> <span class='ocrx_word' id='word_1_24' title='bbox 636 577 850 658; x_wconf 86' lang='lat' dir='ltr'><strong><em>faciundos;</em></strong></span> <span class='ocrx_word' id='word_1_25' title='bbox 878 584 962 645; x_wconf 86' lang='lat' dir='ltr'><strong><em>miln&#39;</em></strong></span> <span class='ocrx_word' id='word_1_26' title='bbox 980 603 1158 647; x_wconf 84' lang='lat' dir='ltr'><strong><em>sacrarum</em></strong></span> <span class='ocrx_word' id='word_1_27' title='bbox 1182 585 1318 650; x_wconf 86' lang='lat' dir='ltr'><strong><em>aedium</em></strong></span> <span class='ocrx_word' id='word_1_28' title='bbox 1342 605 1467 666; x_wconf 87' lang='lat' dir='ltr'><strong><em>preeu-</em></strong></span> 
     </span>
     <span class='ocr_line' id='line_1_5' title="bbox 144 667 1468 753; baseline 0.001 -16"><span class='ocrx_word' id='word_1_29' title='bbox 144 672 335 748; x_wconf 86' lang='lat' dir='ltr'><strong><em>rationem,</em></strong></span> <span class='ocrx_word' id='word_1_30' title='bbox 365 670 450 733; x_wconf 86' lang='lat' dir='ltr'><strong><em>mihi</em></strong></span> <span class='ocrx_word' id='word_1_31' title='bbox 468 677 578 731; x_wconf 89' lang='lat' dir='ltr'><strong><em>totam</em></strong></span> <span class='ocrx_word' id='word_1_32' title='bbox 599 667 720 732; x_wconf 78' lang='lat' dir='ltr'><strong><em>Urbem</em></strong></span> <span class='ocrx_word' id='word_1_33' title='bbox 740 670 900 751; x_wconf 80' lang='lat' dir='ltr'><strong><em>tuendam</em></strong></span> <span class='ocrx_word' id='word_1_34' title='bbox 921 694 988 738; x_wconf 84' lang='lat' dir='ltr'><strong><em>esse</em></strong></span> <span class='ocrx_word' id='word_1_35' title='bbox 1008 677 1245 753; x_wconf 67' lang='lat' dir='ltr'><strong><em>commissame</em></strong></span> <span class='ocrx_word' id='word_1_36' title='bbox 1276 675 1318 738; x_wconf 80' lang='lat' dir='ltr'><strong><em>oh</em></strong></span> <span class='ocrx_word' id='word_1_37' title='bbox 1349 696 1468 740; x_wconf 84' lang='lat' dir='ltr'><strong><em>earnm</em></strong></span> 
     </span>
     <span class='ocr_line' id='line_1_6' title="bbox 144 757 1467 851; baseline -0.002 -22"><span class='ocrx_word' id='word_1_38' title='bbox 144 784 260 829; x_wconf 78' lang='lat' dir='ltr'><strong><em>rernm</em></strong></span> <span class='ocrx_word' id='word_1_39' title='bbox 288 760 440 826; x_wconf 81' lang='lat' dir='ltr'><strong><em>lahorem</em></strong></span> <span class='ocrx_word' id='word_1_40' title='bbox 466 769 497 822; x_wconf 89' lang='lat' dir='ltr'><strong><em>et</em></strong></span> <span class='ocrx_word' id='word_1_41' title='bbox 517 757 784 822; x_wconf 87' lang='lat' dir='ltr'><strong><em>sollicitudinem</em></strong></span> <span class='ocrx_word' id='word_1_42' title='bbox 804 758 952 839; x_wconf 76' lang='lat' dir='ltr'><strong><em>ferretus</em></strong></span> <span class='ocrx_word' id='word_1_43' title='bbox 984 763 1064 827; x_wconf 85' lang='lat' dir='ltr'><strong><em>illos</em></strong></span> <span class='ocrx_word' id='word_1_44' title='bbox 1087 764 1205 841; x_wconf 87' lang='lat' dir='ltr'><strong><em>datos,</em></strong></span> <span class='ocrx_word' id='word_1_45' title='bbox 1237 768 1467 851; x_wconf 75' lang='lat' dir='ltr'><strong><em>antiquiorem</em></strong></span> 
     </span>
     <span class='ocr_line' id='line_1_7' title="bbox 142 838 1467 941; baseline 0.001 -24"><span class='ocrx_word' id='word_1_46' title='bbox 142 854 181 917; x_wconf 82' lang='lat' dir='ltr'><strong><em>in</em></strong></span> <span class='ocrx_word' id='word_1_47' title='bbox 207 838 329 917; x_wconf 85' lang='lat' dir='ltr'><strong><em>aena&#39;tu</em></strong></span> <span class='ocrx_word' id='word_1_48' title='bbox 359 850 541 914; x_wconf 84' lang='lat' dir='ltr'><strong><em>sententiae</em></strong></span> <span class='ocrx_word' id='word_1_49' title='bbox 573 847 735 912; x_wconf 76' lang='lat' dir='ltr'><strong><em>dicendae</em></strong></span> <span class='ocrx_word' id='word_1_50' title='bbox 763 850 898 930; x_wconf 88' lang='lat' dir='ltr'><strong><em>locum,</em></strong></span> <span class='ocrx_word' id='word_1_51' title='bbox 932 861 1053 936; x_wconf 80' lang='lat' dir='ltr'><strong><em>tpgum</em></strong></span> <span class='ocrx_word' id='word_1_52' title='bbox 1080 864 1314 935; x_wconf 81' lang='lat' dir='ltr'><strong><em>praetextam,</em></strong></span> <span class='ocrx_word' id='word_1_53' title='bbox 1344 856 1467 941; x_wconf 81' lang='lat' dir='ltr'><strong><em>sellum</em></strong></span> 
     </span>
     <span class='ocr_line' id='line_1_8' title="bbox 143 936 1466 1029; baseline -0.001 -20"><span class='ocrx_word' id='word_1_54' title='bbox 143 942 325 1017; x_wconf 74' lang='lat' dir='ltr'><strong><em>curulem,</em></strong></span> <span class='ocrx_word' id='word_1_55' title='bbox 352 943 405 1004; x_wconf 86' lang='lat' dir='ltr'><strong><em>ius</em></strong></span> <span class='ocrx_word' id='word_1_56' title='bbox 432 940 592 1021; x_wconf 80' lang='lat' dir='ltr'><strong><em>imaginis</em></strong></span> <span class='ocrx_word' id='word_1_57' title='bbox 618 936 668 1001; x_wconf 93' lang='lat' dir='ltr'><strong><em>ad</em></strong></span> <span class='ocrx_word' id='word_1_58' title='bbox 696 941 895 1003; x_wconf 86' lang='lat' dir='ltr'><strong><em>memorium</em></strong></span> <span class='ocrx_word' id='word_1_59' title='bbox 919 946 1217 1029; x_wconf 67' lang='lat' dir='ltr'><strong><em>posteritatemque</em></strong></span> <span class='ocrx_word' id='word_1_60' title='bbox 1246 943 1466 1028; x_wconf 88' lang='lat' dir='ltr'><strong><em>prodendam.</em></strong></span> 
     </span>
     <span class='ocr_line' id='line_1_9' title="bbox 141 1029 1478 1114; baseline -0.001 -15"><span class='ocrx_word' id='word_1_61' title='bbox 141 1033 235 1099; x_wconf 85' lang='lat' dir='ltr'><strong><em>Hinc</em></strong></span> <span class='ocrx_word' id='word_1_62' title='bbox 256 1031 349 1097; x_wconf 86' lang='lat' dir='ltr'><strong><em>etiam</em></strong></span> <span class='ocrx_word' id='word_1_63' title='bbox 371 1051 434 1114; x_wconf 89' lang='lat' dir='ltr'><strong><em>pro</em></strong></span> <span class='ocrx_word' id='word_1_64' title='bbox 457 1031 596 1093; x_wconf 89' lang='lat' dir='ltr'><strong><em>Murena</em></strong></span> <span class='ocrx_word' id='word_1_65' title='bbox 618 1050 689 1112; x_wconf 87' lang='lat' dir='ltr'><strong><em>cap.</em></strong></span> <span class='ocrx_word' id='word_1_66' title='bbox 714 1029 767 1092; x_wconf 85' lang='grc'><strong>19.</strong></span> <span class='ocrx_word' id='word_1_67' title='bbox 789 1051 823 1094; x_wconf 87' lang='lat' dir='ltr'><strong><em>se</em></strong></span> <span class='ocrx_word' id='word_1_68' title='bbox 851 1032 982 1096; x_wconf 79' lang='lat' dir='ltr'><strong><em>aedilem</em></strong></span> <span class='ocrx_word' id='word_1_69' title='bbox 1016 1035 1116 1099; x_wconf 88' lang='lat' dir='ltr'><strong><em>trinos</em></strong></span> <span class='ocrx_word' id='word_1_70' title='bbox 1144 1037 1237 1100; x_wconf 88' lang='lat' dir='ltr'><strong><em>ludos</em></strong></span> <span class='ocrx_word' id='word_1_71' title='bbox 1265 1036 1379 1101; x_wconf 81' lang='lat' dir='ltr'><strong><em>iecisse</em></strong></span> <span class='ocrx_word' id='word_1_72' title='bbox 1409 1036 1478 1099; x_wconf 87' lang='lat' dir='ltr'><strong><em>ait.-</em></strong></span> 
     </span>
     <span class='ocr_line' id='line_1_10' title="bbox 142 1117 1465 1215; baseline -0.002 -21"><span class='ocrx_word' id='word_1_73' title='bbox 142 1128 234 1194; x_wconf 74' lang='lat' dir='ltr'><strong><em>tuen</em></strong></span> <span class='ocrx_word' id='word_1_74' title='bbox 256 1126 332 1190; x_wconf 83' lang='lat' dir='ltr'><strong><em>libr.</em></strong></span> <span class='ocrx_word' id='word_1_75' title='bbox 356 1124 404 1188; x_wconf 91' lang='grc'><strong><em>11.</em></strong></span> <span class='ocrx_word' id='word_1_76' title='bbox 431 1117 505 1206; x_wconf 66' lang='lat' dir='ltr'><strong><em>cap.</em></strong></span> <span class='ocrx_word' id='word_1_77' title='bbox 531 1126 582 1186; x_wconf 80' lang='lat'><strong><em>17.</em></strong></span> <span class='ocrx_word' id='word_1_78' title='bbox 606 1124 644 1187; x_wconf 88' lang='lat' dir='ltr'><strong><em>‹le</em></strong></span> <span class='ocrx_word' id='word_1_79' title='bbox 674 1121 810 1200; x_wconf 86' lang='lat' dir='ltr'><strong><em>Officiis,</em></strong></span> <span class='ocrx_word' id='word_1_80' title='bbox 848 1146 909 1206; x_wconf 87' lang='lat' dir='ltr'><strong><em>pro</em></strong></span> <span class='ocrx_word' id='word_1_81' title='bbox 938 1128 1139 1210; x_wconf 85' lang='lat' dir='ltr'><strong><em>amplitudine</em></strong></span> <span class='ocrx_word' id='word_1_82' title='bbox 1168 1133 1344 1207; x_wconf 88' lang='lat' dir='ltr'><strong><em>honorum,</em></strong></span> <span class='ocrx_word' id='word_1_83' title='bbox 1382 1149 1465 1215; x_wconf 88' lang='lat' dir='ltr'><strong><em>quos</em></strong></span> 
     </span>
     <span class='ocr_line' id='line_1_11' title="bbox 141 1216 1465 1307; baseline 0.001 -22"><span class='ocrx_word' id='word_1_84' title='bbox 141 1218 267 1285; x_wconf 84' lang='lat' dir='ltr'><strong><em>eunctis</em></strong></span> <span class='ocrx_word' id='word_1_85' title='bbox 288 1216 448 1301; x_wconf 81' lang='lat' dir='ltr'><strong><em>urliragiis</em></strong></span> <span class='ocrx_word' id='word_1_86' title='bbox 470 1219 604 1301; x_wconf 86' lang='lat' dir='ltr'><strong><em>adeptus</em></strong></span> <span class='ocrx_word' id='word_1_87' title='bbox 626 1229 709 1280; x_wconf 86' lang='lat' dir='ltr'><strong><em>esset</em></strong></span> <span class='ocrx_word' id='word_1_88' title='bbox 729 1240 788 1281; x_wconf 90' lang='lat' dir='ltr'><strong><em>suo</em></strong></span> <span class='ocrx_word' id='word_1_89' title='bbox 812 1240 915 1295; x_wconf 88' lang='lat' dir='ltr'><strong><em>anno,</em></strong></span> <span class='ocrx_word' id='word_1_90' title='bbox 947 1223 1097 1304; x_wconf 74' lang='lat' dir='ltr'><strong><em>exignum</em></strong></span> <span class='ocrx_word' id='word_1_91' title='bbox 1120 1236 1277 1307; x_wconf 87' lang='lat' dir='ltr'><strong><em>sumptum</em></strong></span> <span class='ocrx_word' id='word_1_92' title='bbox 1301 1223 1465 1288; x_wconf 81' lang='lat' dir='ltr'><strong><em>aedilitatis</em></strong></span> 
     </span>
     <span class='ocr_line' id='line_1_12' title="bbox 140 1311 1464 1382; baseline -0.001 -1"><span class='ocrx_word' id='word_1_93' title='bbox 140 1336 220 1381; x_wconf 84' lang='lat' dir='ltr'><strong><em>auae</em></strong></span> <span class='ocrx_word' id='word_1_94' title='bbox 240 1313 341 1378; x_wconf 80' lang='lat' dir='ltr'><strong><em>fuisse</em></strong></span> <span class='ocrx_word' id='word_1_95' title='bbox 363 1311 472 1375; x_wconf 82' lang='lat' dir='ltr'><strong><em>tradit.</em></strong></span> <span class='ocrx_word' id='word_1_96' title='bbox 523 1313 735 1375; x_wconf 83' lang='lat' dir='ltr'><strong><em>Advexcruot</em></strong></span> <span class='ocrx_word' id='word_1_97' title='bbox 763 1324 827 1375; x_wconf 88' lang='lat' dir='ltr'><strong><em>tum</em></strong></span> <span class='ocrx_word' id='word_1_98' title='bbox 856 1325 886 1375; x_wconf 92' lang='lat' dir='ltr'><strong><em>et</em></strong></span> <span class='ocrx_word' id='word_1_99' title='bbox 915 1315 1087 1378; x_wconf 89' lang='lat' dir='ltr'><strong><em>attulerunt</em></strong></span> <span class='ocrx_word' id='word_1_100' title='bbox 1114 1314 1213 1380; x_wconf 87' lang='lat' dir='ltr'><strong><em>Siculi</em></strong></span> <span class='ocrx_word' id='word_1_101' title='bbox 1235 1319 1331 1381; x_wconf 86' lang='lat' dir='ltr'><strong><em>multa</em></strong></span> <span class='ocrx_word' id='word_1_102' title='bbox 1353 1341 1394 1382; x_wconf 82' lang='lat' dir='ltr'><strong><em>ex</em></strong></span> <span class='ocrx_word' id='word_1_103' title='bbox 1415 1316 1464 1381; x_wconf 92' lang='lat' dir='ltr'><strong><em>in·</em></strong></span> 
     </span>
     <span class='ocr_line' id='line_1_13' title="bbox 139 1405 1464 1496; baseline 0 -21"><span class='ocrx_word' id='word_1_104' title='bbox 139 1408 210 1475; x_wconf 84' lang='lat' dir='ltr'><strong><em>aula</em></strong></span> <span class='ocrx_word' id='word_1_105' title='bbox 237 1411 277 1473; x_wconf 83' lang='lat' dir='ltr'><strong><em>ad</em></strong></span> <span class='ocrx_word' id='word_1_106' title='bbox 301 1406 493 1473; x_wconf 79' lang='lat' dir='ltr'><strong><em>Ciceronem</em></strong></span> <span class='ocrx_word' id='word_1_107' title='bbox 519 1405 669 1479; x_wconf 87' lang='lat' dir='ltr'><strong><em>aedilem;</em></strong></span> <span class='ocrx_word' id='word_1_108' title='bbox 693 1427 828 1491; x_wconf 80' lang='lat' dir='ltr'><strong><em>qrrorum</em></strong></span> <span class='ocrx_word' id='word_1_109' title='bbox 850 1406 903 1470; x_wconf 91' lang='lat' dir='ltr'><strong><em>ille</em></strong></span> <span class='ocrx_word' id='word_1_110' title='bbox 928 1408 1004 1472; x_wconf 88' lang='lat' dir='ltr'><strong><em>nihil</em></strong></span> <span class='ocrx_word' id='word_1_111' title='bbox 1030 1408 1172 1474; x_wconf 76' lang='lat' dir='ltr'><strong><em>insutum</em></strong></span> <span class='ocrx_word' id='word_1_112' title='bbox 1196 1424 1360 1496; x_wconf 89' lang='lat' dir='ltr'><strong><em>quaestum</em></strong></span> <span class='ocrx_word' id='word_1_113' title='bbox 1387 1434 1464 1476; x_wconf 91' lang='lat' dir='ltr'><strong><em>con-</em></strong></span> 
     </span>
     <span class='ocr_line' id='line_1_14' title="bbox 138 1498 1465 1582; baseline 0.002 -15"><span class='ocrx_word' id='word_1_114' title='bbox 138 1501 232 1579; x_wconf 86' lang='lat' dir='ltr'><strong><em>tulit,</em></strong></span> <span class='ocrx_word' id='word_1_115' title='bbox 256 1512 375 1564; x_wconf 86' lang='lat' dir='ltr'><strong><em>tantum</em></strong></span> <span class='ocrx_word' id='word_1_116' title='bbox 398 1499 583 1563; x_wconf 87' lang='lat' dir='ltr'><strong><em>liberalitate</em></strong></span> <span class='ocrx_word' id='word_1_117' title='bbox 605 1498 765 1563; x_wconf 84' lang='lat' dir='ltr'><strong><em>hominum</em></strong></span> <span class='ocrx_word' id='word_1_118' title='bbox 787 1503 826 1562; x_wconf 84' lang='lat' dir='ltr'><strong><em>ad</em></strong></span> <span class='ocrx_word' id='word_1_119' title='bbox 846 1522 1001 1566; x_wconf 89' lang='lat' dir='ltr'><strong><em>annonam</em></strong></span> <span class='ocrx_word' id='word_1_120' title='bbox 1027 1503 1193 1570; x_wconf 86' lang='lat' dir='ltr'><strong><em>levandam</em></strong></span> <span class='ocrx_word' id='word_1_121' title='bbox 1214 1528 1289 1570; x_wconf 89' lang='lat' dir='ltr'><strong><em>usus</em></strong></span> <span class='ocrx_word' id='word_1_122' title='bbox 1315 1518 1378 1582; x_wconf 86' lang='lat' dir='ltr'><strong><em>est,</em></strong></span> <span class='ocrx_word' id='word_1_123' title='bbox 1409 1527 1465 1570; x_wconf 81' lang='lat' dir='ltr'><strong><em>au·</em></strong></span> 
     </span>
     <span class='ocr_line' id='line_1_15' title="bbox 137 1592 1463 1677; baseline 0.004 -16"><span class='ocrx_word' id='word_1_124' title='bbox 137 1606 233 1661; x_wconf 81' lang='lat' dir='ltr'><strong><em>crore</em></strong></span> <span class='ocrx_word' id='word_1_125' title='bbox 255 1595 432 1662; x_wconf 75' lang='lat' dir='ltr'><strong><em>Plutarcho</em></strong></span> <span class='ocrx_word' id='word_1_126' title='bbox 454 1615 525 1676; x_wconf 81' lang='lat' dir='ltr'><strong><em>cap.</em></strong></span> <span class='ocrx_word' id='word_1_127' title='bbox 549 1593 579 1657; x_wconf 83' lang='lat'><strong><em>8.</em></strong></span> <span class='ocrx_word' id='word_1_128' title='bbox 624 1592 761 1677; x_wconf 83' lang='lat' dir='ltr'><strong><em>Collega</em></strong></span> <span class='ocrx_word' id='word_1_129' title='bbox 779 1593 948 1659; x_wconf 78' lang='lat' dir='ltr'><strong><em>Ciceronis</em></strong></span> <span class='ocrx_word' id='word_1_130' title='bbox 966 1596 996 1659; x_wconf 92' lang='lat' dir='ltr'><strong><em>in</em></strong></span> <span class='ocrx_word' id='word_1_131' title='bbox 1011 1598 1168 1664; x_wconf 81' lang='lat' dir='ltr'><strong><em>aedilitate</em></strong></span> <span class='ocrx_word' id='word_1_132' title='bbox 1189 1601 1250 1665; x_wconf 84' lang='lat' dir='ltr'><strong><em>luit</em></strong></span> <span class='ocrx_word' id='word_1_133' title='bbox 1267 1602 1317 1667; x_wconf 90' lang='lat' dir='ltr'><strong><em>M.</em></strong></span> <span class='ocrx_word' id='word_1_134' title='bbox 1341 1600 1463 1666; x_wconf 86' lang='lat' dir='ltr'><strong><em>Caeso·</em></strong></span> 
     </span>
     <span class='ocr_line' id='line_1_16' title="bbox 137 1687 1460 1772; baseline 0.001 -15"><span class='ocrx_word' id='word_1_135' title='bbox 137 1690 227 1767; x_wconf 82' lang='lat' dir='ltr'><strong><em>nius,</em></strong></span> <span class='ocrx_word' id='word_1_136' title='bbox 263 1700 298 1752; x_wconf 91' lang='lat' dir='ltr'><strong><em>ut</em></strong></span> <span class='ocrx_word' id='word_1_137' title='bbox 321 1689 391 1772; x_wconf 82' lang='lat' dir='ltr'><strong><em>ipse</em></strong></span> <span class='ocrx_word' id='word_1_138' title='bbox 421 1687 563 1752; x_wconf 77' lang='lat' dir='ltr'><strong><em>Verrius</em></strong></span> <span class='ocrx_word' id='word_1_139' title='bbox 595 1689 732 1749; x_wconf 88' lang='lat' dir='ltr'><strong><em>secunda</em></strong></span> <span class='ocrx_word' id='word_1_140' title='bbox 766 1709 836 1771; x_wconf 84' lang='lat' dir='ltr'><strong><em>cap.</em></strong></span> <span class='ocrx_word' id='word_1_141' title='bbox 870 1690 921 1751; x_wconf 87' lang='lat'><strong><em>10.</em></strong></span> <span class='ocrx_word' id='word_1_142' title='bbox 949 1703 979 1752; x_wconf 88' lang='lat' dir='ltr'><strong><em>et</em></strong></span> <span class='ocrx_word' id='word_1_143' title='bbox 1008 1692 1168 1757; x_wconf 77' lang='lat' dir='ltr'><strong><em>Asconius</em></strong></span> <span class='ocrx_word' id='word_1_144' title='bbox 1197 1695 1228 1758; x_wconf 88' lang='lat' dir='ltr'><strong><em>in</em></strong></span> <span class='ocrx_word' id='word_1_145' title='bbox 1258 1717 1327 1760; x_wconf 90' lang='lat' dir='ltr'><strong><em>eum</em></strong></span> <span class='ocrx_word' id='word_1_146' title='bbox 1352 1697 1460 1761; x_wconf 89' lang='lat' dir='ltr'><strong><em>locum</em></strong></span> 
     </span>
     <span class='ocr_line' id='line_1_17' title="bbox 136 1774 1462 1866; baseline 0.003 -19"><span class='ocrx_word' id='word_1_147' title='bbox 136 1795 308 1853; x_wconf 83' lang='lat' dir='ltr'><strong><em>testantur.</em></strong></span> <span class='ocrx_word' id='word_1_148' title='bbox 353 1781 429 1848; x_wconf 88' lang='lat' dir='ltr'><strong><em>Seio</em></strong></span> <span class='ocrx_word' id='word_1_149' title='bbox 456 1780 602 1846; x_wconf 86' lang='lat' dir='ltr'><strong><em>Paullum</em></strong></span> <span class='ocrx_word' id='word_1_150' title='bbox 633 1779 811 1844; x_wconf 72' lang='lat' dir='ltr'><strong><em>Munatium</em></strong></span> <span class='ocrx_word' id='word_1_151' title='bbox 837 1780 870 1844; x_wconf 90' lang='lat' dir='ltr'><strong><em>in</em></strong></span> <span class='ocrx_word' id='word_1_152' title='bbox 900 1783 1074 1848; x_wconf 77' lang='lat' dir='ltr'><strong><em>Ascanium</em></strong></span> <span class='ocrx_word' id='word_1_153' title='bbox 1102 1787 1261 1866; x_wconf 85' lang='lat' dir='ltr'><strong><em>scrihere,</em></strong></span> <span class='ocrx_word' id='word_1_154' title='bbox 1287 1774 1370 1853; x_wconf 78' lang='lat' dir='ltr'><strong><em>hunc</em></strong></span> <span class='ocrx_word' id='word_1_155' title='bbox 1396 1811 1462 1852; x_wconf 84' lang='lat' dir='ltr'><strong><em>ma-</em></strong></span> 
     </span>
     <span class='ocr_line' id='line_1_18' title="bbox 137 1873 1462 1969; baseline 0.005 -27"><span class='ocrx_word' id='word_1_156' title='bbox 137 1878 306 1969; x_wconf 69' lang='lat' dir='ltr'><strong><em>gistratum</em></strong></span> <span class='ocrx_word' id='word_1_157' title='bbox 327 1898 396 1940; x_wconf 88' lang='lat' dir='ltr'><strong><em>cum</em></strong></span> <span class='ocrx_word' id='word_1_158' title='bbox 420 1874 528 1940; x_wconf 79' lang='lat' dir='ltr'><strong><em>‘t&#39;rsllio</em></strong></span> <span class='ocrx_word' id='word_1_159' title='bbox 553 1896 616 1939; x_wconf 92' lang='lat' dir='ltr'><strong><em>nou</em></strong></span> <span class='ocrx_word' id='word_1_160' title='bbox 639 1873 852 1947; x_wconf 81' lang='lat' dir='ltr'><strong><em>Caesonium,</em></strong></span> <span class='ocrx_word' id='word_1_161' title='bbox 875 1876 932 1937; x_wconf 91' lang='lat' dir='ltr'><strong><em>sed</em></strong></span> <span class='ocrx_word' id='word_1_162' title='bbox 947 1873 990 1939; x_wconf 89' lang='lat' dir='ltr'><strong><em>C.</em></strong></span> <span class='ocrx_word' id='word_1_163' title='bbox 1012 1879 1186 1942; x_wconf 83' lang='lat' dir='ltr'><strong><em>Antonium</em></strong></span> <span class='ocrx_word' id='word_1_164' title='bbox 1205 1874 1355 1966; x_wconf 80' lang='lat' dir='ltr'><strong><em>gessisse.</em></strong></span> <span class='ocrx_word' id='word_1_165' title='bbox 1392 1885 1462 1948; x_wconf 86' lang='lat' dir='ltr'><strong><em>Ve-</em></strong></span> 
     </span>
     <span class='ocr_line' id='line_1_19' title="bbox 135 1966 1461 2052; baseline 0.002 -13"><span class='ocrx_word' id='word_1_166' title='bbox 135 1994 208 2039; x_wconf 81' lang='lat' dir='ltr'><strong><em>rum</em></strong></span> <span class='ocrx_word' id='word_1_167' title='bbox 239 1975 322 2039; x_wconf 88' lang='lat' dir='ltr'><strong><em>nude</em></strong></span> <span class='ocrx_word' id='word_1_168' title='bbox 346 1972 378 2034; x_wconf 91' lang='lat' dir='ltr'><strong><em>id</em></strong></span> <span class='ocrx_word' id='word_1_169' title='bbox 401 1967 565 2043; x_wconf 81' lang='lat' dir='ltr'><strong><em>didicerit,</em></strong></span> <span class='ocrx_word' id='word_1_170' title='bbox 589 1967 734 2052; x_wconf 83' lang='lat' dir='ltr'><strong><em>equidem</em></strong></span> <span class='ocrx_word' id='word_1_171' title='bbox 763 1966 919 2051; x_wconf 84' lang='lat' dir='ltr'><strong><em>ignoro.¹</em></strong></span> <span class='ocrx_word' id='word_1_172' title='bbox 964 1971 1040 2035; x_wconf 89' lang='lat' dir='ltr'><strong><em>Hoc</em></strong></span> <span class='ocrx_word' id='word_1_173' title='bbox 1065 1993 1147 2037; x_wconf 87' lang='lat' dir='ltr'><strong><em>anno</em></strong></span> <span class='ocrx_word' id='word_1_174' title='bbox 1171 1976 1328 2040; x_wconf 86' lang='lat' dir='ltr'><strong><em>Lucullus</em></strong></span> <span class='ocrx_word' id='word_1_175' title='bbox 1351 1979 1461 2042; x_wconf 86' lang='lat' dir='ltr'><strong><em>urbem</em></strong></span> 
     </span>
     <span class='ocr_line' id='line_1_20' title="bbox 135 2059 1461 2151; baseline 0 -17"><span class='ocrx_word' id='word_1_176' title='bbox 135 2090 179 2134; x_wconf 82' lang='lat' dir='ltr'><strong><em>ex</em></strong></span> <span class='ocrx_word' id='word_1_177' title='bbox 204 2064 360 2151; x_wconf 74' lang='lat' dir='ltr'><strong><em>Tigranis</em></strong></span> <span class='ocrx_word' id='word_1_178' title='bbox 379 2085 481 2148; x_wconf 83' lang='lat' dir='ltr'><strong><em>regno</em></strong></span> <span class='ocrx_word' id='word_1_179' title='bbox 505 2062 608 2145; x_wconf 86' lang='lat' dir='ltr'><strong><em>cepit,</em></strong></span> <span class='ocrx_word' id='word_1_180' title='bbox 639 2059 728 2123; x_wconf 87' lang='lat' dir='ltr'><strong><em>euius</em></strong></span> <span class='ocrx_word' id='word_1_181' title='bbox 756 2061 895 2123; x_wconf 88' lang='lat' dir='ltr'><strong><em>meminit</em></strong></span> <span class='ocrx_word' id='word_1_182' title='bbox 920 2061 952 2127; x_wconf 90' lang='lat' dir='ltr'><strong><em>in</em></strong></span> <span class='ocrx_word' id='word_1_183' title='bbox 979 2063 1152 2128; x_wconf 88' lang='lat' dir='ltr'><strong><em>Maniliana</em></strong></span> <span class='ocrx_word' id='word_1_184' title='bbox 1178 2088 1250 2150; x_wconf 91' lang='lat' dir='ltr'><strong><em>cap.</em></strong></span> <span class='ocrx_word' id='word_1_185' title='bbox 1272 2070 1304 2134; x_wconf 86' lang='grc'><strong><em>9.</em></strong></span> <span class='ocrx_word' id='word_1_186' title='bbox 1328 2069 1461 2137; x_wconf 88' lang='lat' dir='ltr'><strong><em>Cicero.</em></strong></span> 
     </span>
     <span class='ocr_line' id='line_1_21' title="bbox 138 2155 1462 2251; baseline 0.002 -24"><span class='ocrx_word' id='word_1_187' title='bbox 138 2160 223 2229; x_wconf 77' lang='lat' dir='ltr'><strong><em>cun</em></strong></span> <span class='ocrx_word' id='word_1_188' title='bbox 252 2159 335 2226; x_wconf 88' lang='lat' dir='ltr'><strong><em>enim</em></strong></span> <span class='ocrx_word' id='word_1_189' title='bbox 362 2158 463 2242; x_wconf 80' lang='lat' dir='ltr'><strong><em>pridie</em></strong></span> <span class='ocrx_word' id='word_1_190' title='bbox 490 2159 602 2220; x_wconf 88' lang='lat' dir='ltr'><strong><em>Nonas</em></strong></span> <span class='ocrx_word' id='word_1_191' title='bbox 622 2155 784 2220; x_wconf 81' lang='lat' dir='ltr'><strong><em>Octobres</em></strong></span> <span class='ocrx_word' id='word_1_192' title='bbox 815 2176 962 2237; x_wconf 75' lang='lat' dir='ltr'><strong><em>magnum</em></strong></span> <span class='ocrx_word' id='word_1_193' title='bbox 986 2178 1148 2239; x_wconf 79' lang='lat' dir='ltr'><strong><em>nnmerum</em></strong></span> <span class='ocrx_word' id='word_1_194' title='bbox 1182 2161 1317 2228; x_wconf 91' lang='lat' dir='ltr'><strong><em>hostium</em></strong></span> <span class='ocrx_word' id='word_1_195' title='bbox 1347 2165 1462 2251; x_wconf 82' lang='lat' dir='ltr'><strong><em>exigua</em></strong></span> 
     </span>
     <span class='ocr_line' id='line_1_22' title="bbox 137 2248 1462 2336; baseline 0.002 -16"><span class='ocrx_word' id='word_1_196' title='bbox 137 2276 233 2321; x_wconf 79' lang='lat' dir='ltr'><strong><em>manu</em></strong></span> <span class='ocrx_word' id='word_1_197' title='bbox 258 2257 299 2317; x_wconf 75' lang='lat' dir='ltr'><strong><em>asi</em></strong></span> <span class='ocrx_word' id='word_1_198' title='bbox 324 2254 587 2336; x_wconf 76' lang='lat' dir='ltr'><strong><em>Tigranocertam</em></strong></span> <span class='ocrx_word' id='word_1_199' title='bbox 618 2249 762 2322; x_wconf 86' lang='lat' dir='ltr'><strong><em>vicisset,</em></strong></span> <span class='ocrx_word' id='word_1_200' title='bbox 794 2248 905 2312; x_wconf 89' lang='lat' dir='ltr'><strong><em>deinde</em></strong></span> <span class='ocrx_word' id='word_1_201' title='bbox 934 2252 1044 2314; x_wconf 78' lang='lat' dir='ltr'><strong><em>urlsem</em></strong></span> <span class='ocrx_word' id='word_1_202' title='bbox 1073 2253 1176 2336; x_wconf 85' lang='lat' dir='ltr'><strong><em>cepit;</em></strong></span> <span class='ocrx_word' id='word_1_203' title='bbox 1209 2255 1402 2322; x_wconf 77' lang='lat' dir='ltr'><strong><em>Plutarchus</em></strong></span> <span class='ocrx_word' id='word_1_204' title='bbox 1430 2259 1462 2324; x_wconf 90' lang='lat' dir='ltr'><strong><em>in</em></strong></span> 
     </span>
     <span class='ocr_line' id='line_1_23' title="bbox 137 2343 1464 2436; baseline 0 -19"><span class='ocrx_word' id='word_1_205' title='bbox 137 2350 300 2425; x_wconf 81' lang='lat' dir='ltr'><strong><em>Lucullo,</em></strong></span> <span class='ocrx_word' id='word_1_206' title='bbox 323 2348 388 2412; x_wconf 90' lang='lat' dir='ltr'><strong><em>Dio</em></strong></span> <span class='ocrx_word' id='word_1_207' title='bbox 411 2348 493 2411; x_wconf 87' lang='lat' dir='ltr'><strong><em>libro</em></strong></span> <span class='ocrx_word' id='word_1_208' title='bbox 509 2345 661 2409; x_wconf 80' lang='lat' dir='ltr'><strong>XXXV.</strong></span> <span class='ocrx_word' id='word_1_209' title='bbox 676 2345 708 2406; x_wconf 86' lang='grc'><strong><em>2.</em></strong></span> <span class='ocrx_word' id='word_1_210' title='bbox 738 2343 861 2406; x_wconf 89' lang='lat' dir='ltr'><strong><em>Eodem</em></strong></span> <span class='ocrx_word' id='word_1_211' title='bbox 885 2363 968 2406; x_wconf 86' lang='lat' dir='ltr'><strong><em>anno</em></strong></span> <span class='ocrx_word' id='word_1_212' title='bbox 986 2345 1040 2408; x_wconf 88' lang='lat' dir='ltr'><strong><em>M.</em></strong></span> <span class='ocrx_word' id='word_1_213' title='bbox 1052 2345 1174 2428; x_wconf 89' lang='lat' dir='ltr'><strong><em>Pupius</em></strong></span> <span class='ocrx_word' id='word_1_214' title='bbox 1192 2348 1272 2416; x_wconf 87' lang='lat' dir='ltr'><strong><em>Piso</em></strong></span> <span class='ocrx_word' id='word_1_215' title='bbox 1290 2353 1329 2415; x_wconf 88' lang='lat' dir='ltr'><strong><em>de</em></strong></span> <span class='ocrx_word' id='word_1_216' title='bbox 1343 2352 1464 2436; x_wconf 87' lang='lat' dir='ltr'><strong><em>Hispa·</em></strong></span> 
     </span>
     <span class='ocr_line' id='line_1_24' title="bbox 136 2430 1463 2525; baseline -0.002 -14"><span class='ocrx_word' id='word_1_217' title='bbox 136 2446 187 2511; x_wconf 80' lang='lat' dir='ltr'><strong><em>nis</em></strong></span> <span class='ocrx_word' id='word_1_218' title='bbox 212 2430 445 2525; x_wconf 75' lang='lat' dir='ltr'><strong><em>triumphavit3</em></strong></span> <span class='ocrx_word' id='word_1_219' title='bbox 466 2440 582 2506; x_wconf 88' lang='lat' dir='ltr'><strong><em>Cicero</em></strong></span> <span class='ocrx_word' id='word_1_220' title='bbox 607 2440 638 2503; x_wconf 88' lang='lat' dir='ltr'><strong><em>iu</em></strong></span> <span class='ocrx_word' id='word_1_221' title='bbox 662 2439 812 2504; x_wconf 80' lang='lat' dir='ltr'><strong><em>Pisonem</em></strong></span> <span class='ocrx_word' id='word_1_222' title='bbox 835 2458 907 2519; x_wconf 84' lang='lat' dir='ltr'><strong><em>cap.</em></strong></span> <span class='ocrx_word' id='word_1_223' title='bbox 931 2438 987 2503; x_wconf 87' lang='grc'><strong><em>26.</em></strong></span> <span class='ocrx_word' id='word_1_224' title='bbox 1010 2449 1042 2501; x_wconf 90' lang='lat' dir='ltr'><strong><em>et</em></strong></span> <span class='ocrx_word' id='word_1_225' title='bbox 1066 2440 1240 2508; x_wconf 85' lang='lat' dir='ltr'><strong><em>Asconius.</em></strong></span> <span class='ocrx_word' id='word_1_226' title='bbox 1284 2446 1345 2510; x_wconf 91' lang='lat' dir='ltr'><strong><em>His</em></strong></span> <span class='ocrx_word' id='word_1_227' title='bbox 1371 2449 1463 2514; x_wconf 86' lang='lat' dir='ltr'><strong><em>etiam</em></strong></span> 
     </span>
     <span class='ocr_line' id='line_1_25' title="bbox 136 2529 1462 2618; baseline -0.003 -18"><span class='ocrx_word' id='word_1_228' title='bbox 136 2538 363 2607; x_wconf 78' lang='lat' dir='ltr'><strong><em>oonsulibus²</em></strong></span> <span class='ocrx_word' id='word_1_229' title='bbox 400 2535 551 2618; x_wconf 88' lang='lat' dir='ltr'><strong><em>templum</em></strong></span> <span class='ocrx_word' id='word_1_230' title='bbox 588 2532 677 2599; x_wconf 79' lang='lat' dir='ltr'><strong><em>lovis</em></strong></span> <span class='ocrx_word' id='word_1_231' title='bbox 712 2532 742 2594; x_wconf 90' lang='lat' dir='ltr'><strong><em>iu</em></strong></span> <span class='ocrx_word' id='word_1_232' title='bbox 776 2529 963 2613; x_wconf 80' lang='lat' dir='ltr'><strong><em>Capitolio,</em></strong></span> <span class='ocrx_word' id='word_1_233' title='bbox 1011 2535 1101 2616; x_wconf 85' lang='lat' dir='ltr'><strong><em>quod</em></strong></span> <span class='ocrx_word' id='word_1_234' title='bbox 1128 2536 1273 2603; x_wconf 87' lang='lat' dir='ltr'><strong><em>incendio</em></strong></span> <span class='ocrx_word' id='word_1_235' title='bbox 1314 2563 1462 2608; x_wconf 87' lang='lat' dir='ltr'><strong><em>consum.</em></strong></span> 
     </span>
     <span class='ocr_line' id='line_1_26' title="bbox 135 2623 1464 2721; baseline 0.001 -22"><span class='ocrx_word' id='word_1_236' title='bbox 135 2647 226 2721; x_wconf 83' lang='lat' dir='ltr'><strong><em>ptum</em></strong></span> <span class='ocrx_word' id='word_1_237' title='bbox 254 2653 293 2695; x_wconf 88' lang='lat' dir='ltr'><strong><em>ac</em></strong></span> <span class='ocrx_word' id='word_1_238' title='bbox 320 2632 474 2695; x_wconf 84' lang='lat' dir='ltr'><strong><em>relectum</em></strong></span> <span class='ocrx_word' id='word_1_239' title='bbox 501 2640 588 2709; x_wconf 86' lang='lat' dir='ltr'><strong><em>erat,</em></strong></span> <span class='ocrx_word' id='word_1_240' title='bbox 624 2628 707 2708; x_wconf 76' lang='lat' dir='ltr'><strong><em>ao.</em></strong></span> <span class='ocrx_word' id='word_1_241' title='bbox 734 2623 852 2691; x_wconf 86' lang='lat' dir='ltr'><strong><em>Catulo</em></strong></span> <span class='ocrx_word' id='word_1_242' title='bbox 878 2625 1051 2688; x_wconf 87' lang='lat' dir='ltr'><strong><em>dedicatum</em></strong></span> <span class='ocrx_word' id='word_1_243' title='bbox 1078 2639 1147 2708; x_wconf 89' lang='lat' dir='ltr'><strong><em>est,</em></strong></span> <span class='ocrx_word' id='word_1_244' title='bbox 1185 2628 1401 2700; x_wconf 75' lang='lat' dir='ltr'><strong><em>Cassiodorus</em></strong></span> <span class='ocrx_word' id='word_1_245' title='bbox 1431 2648 1464 2703; x_wconf 91' lang='lat' dir='ltr'><strong><em>et</em></strong></span> 
     </span>
     <span class='ocr_line' id='line_1_27' title="bbox 137 2718 1460 2804; baseline 0.001 -10"><span class='ocrx_word' id='word_1_246' title='bbox 137 2729 254 2795; x_wconf 77' lang='lat' dir='ltr'><strong><em>Lirim</em></strong></span> <span class='ocrx_word' id='word_1_247' title='bbox 279 2727 337 2790; x_wconf 87' lang='lat' dir='ltr'><strong><em>lib.</em></strong></span> <span class='ocrx_word' id='word_1_248' title='bbox 367 2724 536 2789; x_wconf 78' lang='lat' dir='ltr'><strong><em>XCVIII.</em></strong></span> <span class='ocrx_word' id='word_1_249' title='bbox 581 2722 712 2787; x_wconf 81' lang='lat' dir='ltr'><strong><em>Tacitus</em></strong></span> <span class='ocrx_word' id='word_1_250' title='bbox 742 2721 829 2783; x_wconf 87' lang='lat' dir='ltr'><strong><em>Hist.</em></strong></span> <span class='ocrx_word' id='word_1_251' title='bbox 858 2718 916 2782; x_wconf 87' lang='lat' dir='ltr'><strong><em>lib.</em></strong></span> <span class='ocrx_word' id='word_1_252' title='bbox 947 2719 1013 2783; x_wconf 93' lang='lat'><strong><em>111.</em></strong></span> <span class='ocrx_word' id='word_1_253' title='bbox 1046 2742 1119 2804; x_wconf 87' lang='lat' dir='ltr'><strong><em>cap.</em></strong></span> <span class='ocrx_word' id='word_1_254' title='bbox 1151 2726 1203 2788; x_wconf 82' lang='grc'><strong><em>72.</em></strong></span> <span class='ocrx_word' id='word_1_255' title='bbox 1250 2728 1372 2792; x_wconf 87' lang='lat' dir='ltr'><strong><em>Plinius</em></strong></span> <span class='ocrx_word' id='word_1_256' title='bbox 1403 2729 1460 2795; x_wconf 82' lang='lat' dir='ltr'><strong><em>tib.</em></strong></span> 
     </span>
     <span class='ocr_line' id='line_1_28' title="bbox 135 2815 1463 2908; baseline 0.002 -23"><span class='ocrx_word' id='word_1_257' title='bbox 135 2824 221 2890; x_wconf 85' lang='lat' dir='ltr'><strong><em>vn.</em></strong></span> <span class='ocrx_word' id='word_1_258' title='bbox 245 2844 320 2904; x_wconf 82' lang='lat' dir='ltr'><strong><em>cap.</em></strong></span> <span class='ocrx_word' id='word_1_259' title='bbox 344 2821 397 2884; x_wconf 77' lang='grc'><strong>13.</strong></span> <span class='ocrx_word' id='word_1_260' title='bbox 441 2817 560 2883; x_wconf 89' lang='lat' dir='ltr'><strong><em>Cicero</em></strong></span> <span class='ocrx_word' id='word_1_261' title='bbox 583 2817 676 2881; x_wconf 87' lang='lat' dir='ltr'><strong><em>etiam</em></strong></span> <span class='ocrx_word' id='word_1_262' title='bbox 703 2815 841 2879; x_wconf 77' lang='lat' dir='ltr'><strong><em>Verrius</em></strong></span> <span class='ocrx_word' id='word_1_263' title='bbox 872 2823 962 2875; x_wconf 87' lang='lat' dir='ltr'><strong><em>sexta</em></strong></span> <span class='ocrx_word' id='word_1_264' title='bbox 988 2833 1058 2895; x_wconf 87' lang='lat' dir='ltr'><strong><em>cap.</em></strong></span> <span class='ocrx_word' id='word_1_265' title='bbox 1080 2818 1133 2880; x_wconf 82' lang='grc'><strong>31.</strong></span> <span class='ocrx_word' id='word_1_266' title='bbox 1164 2818 1206 2898; x_wconf 84' lang='lat' dir='ltr'><strong><em>Q.</em></strong></span> <span class='ocrx_word' id='word_1_267' title='bbox 1233 2819 1380 2886; x_wconf 86' lang='lat' dir='ltr'><strong><em>Catulum</em></strong></span> <span class='ocrx_word' id='word_1_268' title='bbox 1406 2846 1463 2908; x_wconf 85' lang='lat' dir='ltr'><strong><em>ap·</em></strong></span> 
     </span>
     <span class='ocr_line' id='line_1_29' title="bbox 135 2907 1461 3003; baseline 0.002 -22"><span class='ocrx_word' id='word_1_269' title='bbox 135 2918 279 3003; x_wconf 74' lang='lat' dir='ltr'><strong><em>pellens,</em></strong></span> <span class='ocrx_word' id='word_1_270' title='bbox 310 2912 504 2996; x_wconf 86' lang='lat' dir='ltr'><strong><em>Capitolium</em></strong></span> <span class='ocrx_word' id='word_1_271' title='bbox 534 2908 783 2995; x_wconf 81' lang='lat' dir='ltr'><strong><em>magnificentius</em></strong></span> <span class='ocrx_word' id='word_1_272' title='bbox 811 2927 879 2972; x_wconf 86' lang='lat' dir='ltr'><strong><em>esse</em></strong></span> <span class='ocrx_word' id='word_1_273' title='bbox 904 2907 1099 2987; x_wconf 88' lang='lat' dir='ltr'><strong><em>restitutum,</em></strong></span> <span class='ocrx_word' id='word_1_274' title='bbox 1137 2934 1231 2997; x_wconf 90' lang='lat' dir='ltr'><strong><em>qnam</em></strong></span> <span class='ocrx_word' id='word_1_275' title='bbox 1256 2914 1372 2991; x_wconf 82' lang='lat' dir='ltr'><strong><em>inerit,</em></strong></span> <span class='ocrx_word' id='word_1_276' title='bbox 1405 2919 1461 2983; x_wconf 88' lang='lat' dir='ltr'><strong><em>ait.</em></strong></span> 
     </span>
     <span class='ocr_line' id='line_1_30' title="bbox 137 2998 1464 3090; baseline -0.001 -13"><span class='ocrx_word' id='word_1_277' title='bbox 137 3012 236 3081; x_wconf 86' lang='lat' dir='ltr'><strong><em>Circa</em></strong></span> <span class='ocrx_word' id='word_1_278' title='bbox 257 3011 484 3090; x_wconf 87' lang='lat' dir='ltr'><strong><em>idem.tempus</em></strong></span> <span class='ocrx_word' id='word_1_279' title='bbox 502 3007 559 3069; x_wconf 87' lang='lat' dir='ltr'><strong><em>M.</em></strong></span> <span class='ocrx_word' id='word_1_280' title='bbox 584 3003 710 3069; x_wconf 84' lang='lat' dir='ltr'><strong><em>&#39;l&#39;ullius</em></strong></span> <span class='ocrx_word' id='word_1_281' title='bbox 726 3022 788 3085; x_wconf 86' lang='lat' dir='ltr'><strong><em>pro</em></strong></span> <span class='ocrx_word' id='word_1_282' title='bbox 807 2998 946 3064; x_wconf 84' lang='lat' dir='ltr'><strong><em>Fonteio</em></strong></span> <span class='ocrx_word' id='word_1_283' title='bbox 964 3000 1081 3066; x_wconf 82' lang='lat' dir='ltr'><strong><em>dixisse</em></strong></span> <span class='ocrx_word' id='word_1_284' title='bbox 1098 3005 1258 3074; x_wconf 85' lang='lat' dir='ltr'><strong><em>videtur.³</em></strong></span> <span class='ocrx_word' id='word_1_285' title='bbox 1301 3013 1464 3077; x_wconf 81' lang='lat' dir='ltr'><strong><em>Tentrerat</em></strong></span> 
     </span>
     <span class='ocr_line' id='line_1_31' title="bbox 137 3092 1462 3190; baseline -0.001 -19"><span class='ocrx_word' id='word_1_286' title='bbox 137 3106 163 3171; x_wconf 89' lang='lat' dir='ltr'><strong><em>ia</em></strong></span> <span class='ocrx_word' id='word_1_287' title='bbox 193 3101 395 3190; x_wconf 77' lang='lat' dir='ltr'><strong><em>provinciam</em></strong></span> <span class='ocrx_word' id='word_1_288' title='bbox 428 3101 561 3166; x_wconf 81' lang='lat' dir='ltr'><strong><em>Galliam</em></strong></span> <span class='ocrx_word' id='word_1_289' title='bbox 597 3111 729 3182; x_wconf 85' lang='lat' dir='ltr'><strong><em>praetor</em></strong></span> <span class='ocrx_word' id='word_1_290' title='bbox 761 3115 819 3176; x_wconf 86' lang='lat' dir='ltr'><strong><em>per</em></strong></span> <span class='ocrx_word' id='word_1_291' title='bbox 854 3092 1039 3171; x_wconf 72' lang='lat' dir='ltr'><strong><em>triennum,</em></strong></span> <span class='ocrx_word' id='word_1_292' title='bbox 1075 3111 1108 3161; x_wconf 85' lang='lat' dir='ltr'><strong><em>ut</em></strong></span> <span class='ocrx_word' id='word_1_293' title='bbox 1147 3122 1241 3183; x_wconf 85' lang='lat' dir='ltr'><strong><em>snpra</em></strong></span> <span class='ocrx_word' id='word_1_294' title='bbox 1278 3106 1316 3167; x_wconf 86' lang='lat' dir='ltr'><strong><em>ad</em></strong></span> <span class='ocrx_word' id='word_1_295' title='bbox 1348 3127 1462 3170; x_wconf 75' lang='lat' dir='ltr'><strong><em>annium</em></strong></span> 
     </span>
     <span class='ocr_line' id='line_1_32' title="bbox 138 3187 1462 3276; baseline 0.001 -14"><span class='ocrx_word' id='word_1_296' title='bbox 138 3198 369 3267; x_wconf 74' lang='lat' dir='ltr'><strong><em>DCLXXlX.</em></strong></span> <span class='ocrx_word' id='word_1_297' title='bbox 396 3194 558 3258; x_wconf 85' lang='lat' dir='ltr'><strong><em>annotavi.</em></strong></span> <span class='ocrx_word' id='word_1_298' title='bbox 611 3194 773 3257; x_wconf 84' lang='lat' dir='ltr'><strong><em>Reuersus</em></strong></span> <span class='ocrx_word' id='word_1_299' title='bbox 806 3198 908 3249; x_wconf 89' lang='lat' dir='ltr'><strong><em>autem</em></strong></span> <span class='ocrx_word' id='word_1_300' title='bbox 943 3187 1079 3252; x_wconf 88' lang='lat' dir='ltr'><strong><em>Romam</em></strong></span> <span class='ocrx_word' id='word_1_301' title='bbox 1111 3198 1357 3276; x_wconf 86' lang='lat' dir='ltr'><strong><em>repetundarum</em></strong></span> <span class='ocrx_word' id='word_1_302' title='bbox 1389 3221 1462 3263; x_wconf 88' lang='lat' dir='ltr'><strong><em>reus</em></strong></span> 
     </span>
     <span class='ocr_line' id='line_1_33' title="bbox 139 3284 1463 3377; baseline -0.001 -19"><span class='ocrx_word' id='word_1_303' title='bbox 139 3295 242 3358; x_wconf 74' lang='lat' dir='ltr'><strong><em>laetius</em></strong></span> <span class='ocrx_word' id='word_1_304' title='bbox 269 3303 355 3354; x_wconf 81' lang='lat' dir='ltr'><strong><em>esta</em></strong></span> <span class='ocrx_word' id='word_1_305' title='bbox 383 3289 504 3354; x_wconf 86' lang='lat' dir='ltr'><strong><em>Gallis:</em></strong></span> <span class='ocrx_word' id='word_1_306' title='bbox 526 3290 612 3373; x_wconf 79' lang='lat' dir='ltr'><strong><em>qrtod</em></strong></span> <span class='ocrx_word' id='word_1_307' title='bbox 641 3284 780 3349; x_wconf 89' lang='lat' dir='ltr'><strong><em>Fonteio</em></strong></span> <span class='ocrx_word' id='word_1_308' title='bbox 806 3290 956 3364; x_wconf 88' lang='lat' dir='ltr'><strong><em>praetore</em></strong></span> <span class='ocrx_word' id='word_1_309' title='bbox 986 3305 1138 3366; x_wconf 84' lang='lat' dir='ltr'><strong><em>oppressa</em></strong></span> <span class='ocrx_word' id='word_1_310' title='bbox 1162 3310 1237 3352; x_wconf 87' lang='lat' dir='ltr'><strong><em>aere</em></strong></span> <span class='ocrx_word' id='word_1_311' title='bbox 1263 3290 1367 3357; x_wconf 85' lang='lat' dir='ltr'><strong><em>alieno</em></strong></span> <span class='ocrx_word' id='word_1_312' title='bbox 1388 3316 1463 3377; x_wconf 92' lang='lat' dir='ltr'><strong><em>pro·</em></strong></span> 
     </span>
     <span class='ocr_line' id='line_1_34' title="bbox 141 3369 1563 3469; baseline -0.002 -16"><span class='ocrx_word' id='word_1_313' title='bbox 141 3387 243 3453; x_wconf 81' lang='lat' dir='ltr'><strong><em>tiaeia</em></strong></span> <span class='ocrx_word' id='word_1_314' title='bbox 266 3383 394 3459; x_wconf 81' lang='lat' dir='ltr'><strong><em>inisset,</em></strong></span> <span class='ocrx_word' id='word_1_315' title='bbox 424 3390 589 3467; x_wconf 72' lang='lat' dir='ltr'><strong><em>qliaestnm</em></strong></span> <span class='ocrx_word' id='word_1_316' title='bbox 618 3380 686 3463; x_wconf 81' lang='lat' dir='ltr'><strong><em>ipse</em></strong></span> <span class='ocrx_word' id='word_1_317' title='bbox 712 3400 753 3441; x_wconf 84' lang='lat' dir='ltr'><strong><em>ex</em></strong></span> <span class='ocrx_word' id='word_1_318' title='bbox 778 3379 898 3440; x_wconf 80' lang='lat' dir='ltr'><strong><em>viarrnn</em></strong></span> <span class='ocrx_word' id='word_1_319' title='bbox 929 3381 1102 3444; x_wconf 89' lang='lat' dir='ltr'><strong><em>munitione</em></strong></span> <span class='ocrx_word' id='word_1_320' title='bbox 1131 3381 1261 3446; x_wconf 85' lang='lat' dir='ltr'><strong><em>fecisset</em></strong></span> <span class='ocrx_word' id='word_1_321' title='bbox 1288 3397 1320 3449; x_wconf 93' lang='lat' dir='ltr'><strong><em>et</em></strong></span> <span class='ocrx_word' id='word_1_322' title='bbox 1348 3398 1464 3469; x_wconf 87' lang='lat' dir='ltr'><strong><em>porto·</em></strong></span> <span class='ocrx_word' id='word_1_323' title='bbox 1558 3369 1563 3387; x_wconf 58' lang='lat'>⁸</span> 
     </span>
     <span class='ocr_line' id='line_1_35' title="bbox 140 3472 1460 3562; baseline -0.004 -15"><span class='ocrx_word' id='word_1_324' title='bbox 140 3481 218 3547; x_wconf 83' lang='lat' dir='ltr'><strong><em>rium</em></strong></span> <span class='ocrx_word' id='word_1_325' title='bbox 239 3477 307 3543; x_wconf 82' lang='lat' dir='ltr'><strong><em>viui</em></strong></span> <span class='ocrx_word' id='word_1_326' title='bbox 332 3475 526 3539; x_wconf 86' lang='lat' dir='ltr'><strong><em>instituisset.</em></strong></span> <span class='ocrx_word' id='word_1_327' title='bbox 572 3472 746 3538; x_wconf 81' lang='lat' dir='ltr'><strong><em>Accusavit</em></strong></span> <span class='ocrx_word' id='word_1_328' title='bbox 771 3494 841 3536; x_wconf 89' lang='lat' dir='ltr'><strong><em>eum</em></strong></span> <span class='ocrx_word' id='word_1_329' title='bbox 865 3475 917 3538; x_wconf 89' lang='lat' dir='ltr'><strong><em>M.</em></strong></span> <span class='ocrx_word' id='word_1_330' title='bbox 942 3474 1143 3552; x_wconf 87' lang='lat' dir='ltr'><strong><em>Plaetorius,</em></strong></span> <span class='ocrx_word' id='word_1_331' title='bbox 1167 3478 1390 3562; x_wconf 83' lang='lat' dir='ltr'><strong><em>subscriptore</em></strong></span> <span class='ocrx_word' id='word_1_332' title='bbox 1408 3482 1460 3544; x_wconf 89' lang='lat' dir='ltr'><strong><em>M.</em></strong></span> 
     </span>
     <span class='ocr_line' id='line_1_36' title="bbox 141 3567 1462 3657; baseline -0.003 -16"><span class='ocrx_word' id='word_1_333' title='bbox 141 3574 261 3641; x_wconf 75' lang='lat' dir='ltr'><strong><em>Fabio:</em></strong></span> <span class='ocrx_word' id='word_1_334' title='bbox 291 3570 432 3635; x_wconf 78' lang='lat' dir='ltr'><strong><em>defendit</em></strong></span> <span class='ocrx_word' id='word_1_335' title='bbox 461 3569 512 3632; x_wconf 87' lang='lat' dir='ltr'><strong><em>M.</em></strong></span> <span class='ocrx_word' id='word_1_336' title='bbox 537 3567 654 3633; x_wconf 87' lang='lat' dir='ltr'><strong><em>Cicero</em></strong></span> <span class='ocrx_word' id='word_1_337' title='bbox 680 3567 764 3629; x_wconf 89' lang='lat' dir='ltr'><strong><em>circa</em></strong></span> <span class='ocrx_word' id='word_1_338' title='bbox 792 3570 855 3632; x_wconf 91' lang='lat' dir='ltr'><strong><em>hoc</em></strong></span> <span class='ocrx_word' id='word_1_339' title='bbox 883 3579 1026 3651; x_wconf 86' lang='lat' dir='ltr'><strong><em>tempus,</em></strong></span> <span class='ocrx_word' id='word_1_340' title='bbox 1058 3591 1128 3632; x_wconf 88' lang='lat' dir='ltr'><strong><em>cnm</em></strong></span> <span class='ocrx_word' id='word_1_341' title='bbox 1151 3571 1212 3633; x_wconf 86' lang='lat' dir='ltr'><strong><em>iam</em></strong></span> <span class='ocrx_word' id='word_1_342' title='bbox 1236 3573 1356 3657; x_wconf 81' lang='lat' dir='ltr'><strong><em>equites</em></strong></span> <span class='ocrx_word' id='word_1_343' title='bbox 1390 3596 1462 3637; x_wconf 87' lang='lat' dir='ltr'><strong><em>cnm</em></strong></span> 
     </span>
     <span class='ocr_line' id='line_1_37' title="bbox 141 3659 1462 3746; baseline -0.005 -12"><span class='ocrx_word' id='word_1_344' title='bbox 141 3664 341 3734; x_wconf 79' lang='lat' dir='ltr'><strong><em>aenatoribus</em></strong></span> <span class='ocrx_word' id='word_1_345' title='bbox 367 3662 507 3744; x_wconf 82' lang='lat' dir='ltr'><strong><em>exlege</em></strong></span> <span class='ocrx_word' id='word_1_346' title='bbox 537 3660 668 3728; x_wconf 85' lang='lat' dir='ltr'><strong><em>Aurelia</em></strong></span> <span class='ocrx_word' id='word_1_347' title='bbox 693 3659 888 3735; x_wconf 86' lang='lat' dir='ltr'><strong><em>iudicarent,</em></strong></span> <span class='ocrx_word' id='word_1_348' title='bbox 923 3665 1010 3746; x_wconf 79' lang='lat' dir='ltr'><strong><em>quod</em></strong></span> <span class='ocrx_word' id='word_1_349' title='bbox 1042 3664 1195 3729; x_wconf 87' lang='lat' dir='ltr'><strong><em>orationis</em></strong></span> <span class='ocrx_word' id='word_1_350' title='bbox 1226 3669 1322 3728; x_wconf 82' lang='lat' dir='ltr'><strong><em>verba</em></strong></span> <span class='ocrx_word' id='word_1_351' title='bbox 1354 3679 1462 3730; x_wconf 84' lang='lat' dir='ltr'><strong><em>osten·</em></strong></span> 
     </span>
     <span class='ocr_line' id='line_1_38' title="bbox 140 3752 1462 3841; baseline -0.002 -16"><span class='ocrx_word' id='word_1_352' title='bbox 140 3762 232 3833; x_wconf 69' lang='lat' dir='ltr'><strong><em>doute</em></strong></span> <span class='ocrx_word' id='word_1_353' title='bbox 263 3757 329 3820; x_wconf 81' lang='lat' dir='ltr'><strong><em>vid.</em></strong></span> <span class='ocrx_word' id='word_1_354' title='bbox 359 3777 431 3838; x_wconf 85' lang='lat' dir='ltr'><strong><em>cap.</em></strong></span> <span class='ocrx_word' id='word_1_355' title='bbox 462 3754 513 3820; x_wconf 82' lang='grc'><strong>12.</strong></span> <span class='ocrx_word' id='word_1_356' title='bbox 557 3753 708 3838; x_wconf 85' lang='lat' dir='ltr'><strong><em>Sequitur</em></strong></span> <span class='ocrx_word' id='word_1_357' title='bbox 738 3752 843 3817; x_wconf 92' lang='lat' dir='ltr'><strong><em>oratio</em></strong></span> <span class='ocrx_word' id='word_1_358' title='bbox 871 3775 934 3836; x_wconf 86' lang='lat' dir='ltr'><strong><em>pro</em></strong></span> <span class='ocrx_word' id='word_1_359' title='bbox 956 3757 1001 3818; x_wconf 86' lang='grc' dir='ltr'><strong><em>Α.</em></strong></span> <span class='ocrx_word' id='word_1_360' title='bbox 1030 3754 1187 3832; x_wconf 87' lang='lat' dir='ltr'><strong><em>Caecina,</em></strong></span> <span class='ocrx_word' id='word_1_361' title='bbox 1218 3758 1306 3820; x_wconf 90' lang='lat' dir='ltr'><strong><em>euius</em></strong></span> <span class='ocrx_word' id='word_1_362' title='bbox 1339 3770 1462 3841; x_wconf 88' lang='lat' dir='ltr'><strong><em>tempus</em></strong></span> 
     </span>
     <span class='ocr_line' id='line_1_39' title="bbox 140 3845 1456 3935; baseline -0.003 -16"><span class='ocrx_word' id='word_1_363' title='bbox 140 3852 335 3929; x_wconf 70' lang='lat' dir='ltr'><strong><em>hcertum,⁴</em></strong></span> <span class='ocrx_word' id='word_1_364' title='bbox 363 3862 581 3935; x_wconf 85' lang='lat' dir='ltr'><strong><em>argumentum</em></strong></span> <span class='ocrx_word' id='word_1_365' title='bbox 609 3867 687 3910; x_wconf 85' lang='lat' dir='ltr'><strong><em>vero</em></strong></span> <span class='ocrx_word' id='word_1_366' title='bbox 714 3845 776 3908; x_wconf 83' lang='lat' dir='ltr'><strong><em>tale</em></strong></span> <span class='ocrx_word' id='word_1_367' title='bbox 803 3855 870 3908; x_wconf 86' lang='lat' dir='ltr'><strong><em>est:</em></strong></span> <span class='ocrx_word' id='word_1_368' title='bbox 911 3848 962 3911; x_wconf 84' lang='lat' dir='ltr'><strong><em>M.</em></strong></span> <span class='ocrx_word' id='word_1_369' title='bbox 994 3850 1174 3928; x_wconf 86' lang='lat' dir='ltr'><strong><em>Fulcinius,</em></strong></span> <span class='ocrx_word' id='word_1_370' title='bbox 1200 3851 1456 3934; x_wconf 78' lang='lat' dir='ltr'><strong><em>&#39;l&#39;arqrriniensis,</em></strong></span> 
     </span>
     <span class='ocr_line' id='line_1_40' title="bbox 141 3938 1460 4013; baseline -0.004 1"><span class='ocrx_word' id='word_1_371' title='bbox 141 3944 333 4013; x_wconf 58' lang='lat' dir='ltr'><strong><em>&amp;maniae</em></strong></span> <span class='ocrx_word' id='word_1_372' title='bbox 374 3942 470 4007; x_wconf 83' lang='lat' dir='ltr'><strong><em>rrxori</em></strong></span> <span class='ocrx_word' id='word_1_373' title='bbox 516 3941 654 4005; x_wconf 81' lang='lat' dir='ltr'><strong><em>urorieus</em></strong></span> <span class='ocrx_word' id='word_1_374' title='bbox 695 3938 923 4004; x_wconf 83' lang='lat' dir='ltr'><strong><em>rrsrrmlruetum</em></strong></span> <span class='ocrx_word' id='word_1_375' title='bbox 957 3941 1097 4007; x_wconf 88' lang='lat' dir='ltr'><strong><em>omnium</em></strong></span> <span class='ocrx_word' id='word_1_376' title='bbox 1137 3944 1295 4006; x_wconf 86' lang='lat' dir='ltr'><strong><em>bonorum</em></strong></span> <span class='ocrx_word' id='word_1_377' title='bbox 1330 3966 1460 4009; x_wconf 91' lang='lat' dir='ltr'><strong><em>suorum</em></strong></span> 
     </span>
     <span class='ocr_line' id='line_1_41' title="bbox 141 4033 1463 4127; baseline -0.002 -21"><span class='ocrx_word' id='word_1_378' title='bbox 141 4040 276 4127; x_wconf 68' lang='lat' dir='ltr'><strong><em>legavit,</em></strong></span> <span class='ocrx_word' id='word_1_379' title='bbox 301 4049 337 4102; x_wconf 90' lang='lat' dir='ltr'><strong><em>ut</em></strong></span> <span class='ocrx_word' id='word_1_380' title='bbox 365 4039 525 4102; x_wconf 75' lang='lat' dir='ltr'><strong><em>irrueretur</em></strong></span> <span class='ocrx_word' id='word_1_381' title='bbox 550 4057 611 4100; x_wconf 91' lang='lat' dir='ltr'><strong><em>una</em></strong></span> <span class='ocrx_word' id='word_1_382' title='bbox 636 4055 707 4098; x_wconf 87' lang='lat' dir='ltr'><strong><em>cum</em></strong></span> <span class='ocrx_word' id='word_1_383' title='bbox 732 4033 800 4098; x_wconf 84' lang='lat' dir='ltr'><strong><em>filio</em></strong></span> <span class='ocrx_word' id='word_1_384' title='bbox 827 4035 947 4098; x_wconf 87' lang='lat' dir='ltr'><strong><em>herede</em></strong></span> <span class='ocrx_word' id='word_1_385' title='bbox 970 4034 1128 4101; x_wconf 87' lang='lat' dir='ltr'><strong><em>instituto.</em></strong></span> <span class='ocrx_word' id='word_1_386' title='bbox 1170 4034 1255 4100; x_wconf 87' lang='lat' dir='ltr'><strong><em>Filio</em></strong></span> <span class='ocrx_word' id='word_1_387' title='bbox 1282 4049 1408 4102; x_wconf 90' lang='lat' dir='ltr'><strong><em>mortuo</em></strong></span> <span class='ocrx_word' id='word_1_388' title='bbox 1429 4052 1463 4103; x_wconf 90' lang='lat' dir='ltr'><strong><em>et</em></strong></span> 
     </span>
     <span class='ocr_line' id='line_1_42' title="bbox 142 4123 1461 4203; baseline -0.002 -4"><span class='ocrx_word' id='word_1_389' title='bbox 142 4135 285 4199; x_wconf 83' lang='lat' dir='ltr'><strong><em>auctione</em></strong></span> <span class='ocrx_word' id='word_1_390' title='bbox 314 4133 473 4196; x_wconf 86' lang='lat' dir='ltr'><strong><em>bonorum</em></strong></span> <span class='ocrx_word' id='word_1_391' title='bbox 503 4129 691 4203; x_wconf 88' lang='lat' dir='ltr'><strong><em>constituta,</em></strong></span> <span class='ocrx_word' id='word_1_392' title='bbox 730 4127 906 4192; x_wconf 84' lang='lat' dir='ltr'><strong><em>Caesennia</em></strong></span> <span class='ocrx_word' id='word_1_393' title='bbox 939 4128 1069 4192; x_wconf 80' lang='lat' dir='ltr'><strong><em>fundum</em></strong></span> <span class='ocrx_word' id='word_1_394' title='bbox 1100 4150 1141 4192; x_wconf 82' lang='lat' dir='ltr'><strong><em>ex</em></strong></span> <span class='ocrx_word' id='word_1_395' title='bbox 1169 4123 1206 4191; x_wconf 84' lang='lat' dir='ltr'><strong><em>iis</em></strong></span> <span class='ocrx_word' id='word_1_396' title='bbox 1233 4128 1325 4193; x_wconf 90' lang='lat' dir='ltr'><strong><em>bonis</em></strong></span> <span class='ocrx_word' id='word_1_397' title='bbox 1355 4152 1461 4198; x_wconf 87' lang='lat' dir='ltr'><strong><em>emere</em></strong></span> 
     </span>
    </p>
   </div>
   <div class='ocr_carea' id='block_1_3' title="bbox 142 4219 1464 4307">
    <p class='ocr_par' dir='ltr' id='par_1_3' title="bbox 142 4219 1464 4307">
     <span class='ocr_line' id='line_1_43' title="bbox 142 4219 1464 4307; baseline -0.003 -14"><span class='ocrx_word' id='word_1_398' title='bbox 142 4228 176 4292; x_wconf 80' lang='lat' dir='ltr'><strong><em>le</em></strong></span> <span class='ocrx_word' id='word_1_399' title='bbox 203 4224 358 4292; x_wconf 84' lang='lat' dir='ltr'><strong><em>sententia</em></strong></span> <span class='ocrx_word' id='word_1_400' title='bbox 386 4223 559 4287; x_wconf 89' lang='lat' dir='ltr'><strong><em>amicorum</em></strong></span> <span class='ocrx_word' id='word_1_401' title='bbox 591 4219 753 4284; x_wconf 87' lang='lat' dir='ltr'><strong><em>constituit</em></strong></span> <span class='ocrx_word' id='word_1_402' title='bbox 781 4221 876 4304; x_wconf 89' lang='lat' dir='ltr'><strong><em>idque</em></strong></span> <span class='ocrx_word' id='word_1_403' title='bbox 905 4221 1065 4305; x_wconf 85' lang='lat' dir='ltr'><strong><em>negotium</em></strong></span> <span class='ocrx_word' id='word_1_404' title='bbox 1088 4223 1166 4285; x_wconf 85' lang='lat' dir='ltr'><strong><em>Sex.</em></strong></span> <span class='ocrx_word' id='word_1_405' title='bbox 1191 4223 1331 4288; x_wconf 82' lang='lat' dir='ltr'><strong><em>Aebutio</em></strong></span> <span class='ocrx_word' id='word_1_406' title='bbox 1357 4226 1464 4307; x_wconf 75' lang='lat' dir='ltr'><strong><em>dedit,</em></strong></span> 
     </span>
    </p>
   </div>
   <div class='ocr_carea' id='block_1_4' title="bbox 143 4357 1463 4887">
    <p class='ocr_par' dir='ltr' id='par_1_4' title="bbox 175 4357 1388 4437">
     <span class='ocr_line' id='line_1_44' title="bbox 175 4357 1388 4437; baseline -0.005 -14"><span class='ocrx_word' id='word_1_407' title='bbox 175 4360 281 4437; x_wconf 63' lang='grc'><strong>1)(111·</strong></span> <span class='ocrx_word' id='word_1_408' title='bbox 303 4362 433 4436; x_wconf 64' lang='lat' dir='ltr'><strong><em>Pighlum</em></strong></span> <span class='ocrx_word' id='word_1_409' title='bbox 455 4359 516 4414; x_wconf 80' lang='lat' dir='ltr'><strong><em>Vol.</em></strong></span> <span class='ocrx_word' id='word_1_410' title='bbox 541 4363 568 4416; x_wconf 74' lang='grc' dir='ltr'><strong><em>ὅ.</em></strong></span> <span class='ocrx_word' id='word_1_411' title='bbox 589 4373 652 4430; x_wconf 69' lang='grc' dir='ltr'><strong><em>Μ.</em></strong></span> <span class='ocrx_word' id='word_1_412' title='bbox 669 4360 752 4419; x_wconf 78' lang='lat'><strong>512..</strong></span> <span class='ocrx_word' id='word_1_413' title='bbox 770 4360 816 4428; x_wconf 81' lang='lat' dir='ltr'><strong><em>qul</em></strong></span> <span class='ocrx_word' id='word_1_414' title='bbox 841 4362 907 4410; x_wconf 87' lang='lat' dir='ltr'><strong><em>item</em></strong></span> <span class='ocrx_word' id='word_1_415' title='bbox 928 4357 1086 4410; x_wconf 85' lang='lat' dir='ltr'><strong><em>Manutinm</em></strong></span> <span class='ocrx_word' id='word_1_416' title='bbox 1109 4372 1213 4409; x_wconf 83' lang='lat' dir='ltr'><strong><em>errasse</em></strong></span> <span class='ocrx_word' id='word_1_417' title='bbox 1233 4359 1388 4418; x_wconf 83' lang='lat' dir='ltr'><strong><em>contendit.</em></strong></span> 
     </span>
    </p>

    <p class='ocr_par' dir='ltr' id='par_1_5' title="bbox 143 4428 1463 4585">
     <span class='ocr_line' id='line_1_45' title="bbox 173 4428 1463 4510; baseline 0.001 -19"><span class='ocrx_word' id='word_1_418' title='bbox 173 4442 205 4509; x_wconf 80' lang='lat'><strong><em>2)</em></strong></span> <span class='ocrx_word' id='word_1_419' title='bbox 224 4435 371 4501; x_wconf 71' lang='lat' dir='ltr'><strong><em>autenm,</em></strong></span> <span class='ocrx_word' id='word_1_420' title='bbox 393 4451 459 4510; x_wconf 62' lang='lat' dir='ltr'><strong><em>qnae</em></strong></span> <span class='ocrx_word' id='word_1_421' title='bbox 475 4433 509 4487; x_wconf 84' lang='lat' dir='ltr'><strong><em>de</em></strong></span> <span class='ocrx_word' id='word_1_422' title='bbox 528 4434 581 4487; x_wconf 88' lang='lat' dir='ltr'><strong><em>hec</em></strong></span> <span class='ocrx_word' id='word_1_423' title='bbox 601 4428 704 4505; x_wconf 80' lang='lat' dir='ltr'><strong><em>templo</em></strong></span> <span class='ocrx_word' id='word_1_424' title='bbox 719 4448 747 4485; x_wconf 84' lang='lat' dir='ltr'><strong><em>er</em></strong></span> <span class='ocrx_word' id='word_1_425' title='bbox 769 4432 869 4485; x_wconf 76' lang='lat' dir='ltr'><strong><em>Catulo</em></strong></span> <span class='ocrx_word' id='word_1_426' title='bbox 885 4431 1007 4504; x_wconf 76' lang='lat' dir='ltr'><strong><em>disputat</em></strong></span> <span class='ocrx_word' id='word_1_427' title='bbox 1029 4431 1149 4484; x_wconf 74' lang='lat' dir='ltr'><strong><em>valesius</em></strong></span> <span class='ocrx_word' id='word_1_428' title='bbox 1170 4430 1204 4484; x_wconf 87' lang='lat' dir='ltr'><strong><em>ad</em></strong></span> <span class='ocrx_word' id='word_1_429' title='bbox 1228 4437 1365 4494; x_wconf 71' lang='lat' dir='ltr'><strong><em>ammian.</em></strong></span> <span class='ocrx_word' id='word_1_430' title='bbox 1386 4439 1463 4492; x_wconf 86' lang='lat' dir='ltr'><strong><em>Mar-</em></strong></span> 
     </span>
     <span class='ocr_line' id='line_1_46' title="bbox 143 4509 654 4585; baseline -0.02 -15"><span class='ocrx_word' id='word_1_431' title='bbox 143 4512 201 4569; x_wconf 78' lang='lat' dir='ltr'><strong><em>eett</em></strong></span> <span class='ocrx_word' id='word_1_432' title='bbox 219 4515 301 4580; x_wconf 73' lang='lat' dir='ltr'><strong><em>xit,</em></strong></span> <span class='ocrx_word' id='word_1_433' title='bbox 324 4513 374 4565; x_wconf 80' lang='grc'><strong>111.</strong></span> <span class='ocrx_word' id='word_1_434' title='bbox 397 4528 459 4585; x_wconf 68' lang='lat' dir='ltr'><strong><em>pag·</em></strong></span> <span class='ocrx_word' id='word_1_435' title='bbox 480 4509 526 4570; x_wconf 74' lang='grc'><strong>61.</strong></span> <span class='ocrx_word' id='word_1_436' title='bbox 565 4509 654 4563; x_wconf 75' lang='lat' dir='ltr'><strong><em>Gnosi.</em></strong></span> 
     </span>
    </p>

    <p class='ocr_par' dir='ltr' id='par_1_6' title="bbox 173 4585 813 4659">
     <span class='ocr_line' id='line_1_47' title="bbox 173 4585 813 4659; baseline -0.013 -15"><span class='ocrx_word' id='word_1_437' title='bbox 173 4592 204 4655; x_wconf 76' lang='lat'><strong><em>5)</em></strong></span> <span class='ocrx_word' id='word_1_438' title='bbox 223 4585 283 4643; x_wconf 82' lang='lat' dir='ltr'><strong><em>Cle.</em></strong></span> <span class='ocrx_word' id='word_1_439' title='bbox 307 4588 423 4642; x_wconf 69' lang='lat' dir='ltr'><strong><em>Perrartl</em></strong></span> <span class='ocrx_word' id='word_1_440' title='bbox 440 4586 511 4658; x_wconf 79' lang='lat' dir='ltr'><strong><em>upp.</em></strong></span> <span class='ocrx_word' id='word_1_441' title='bbox 533 4599 595 4659; x_wconf 79' lang='lat' dir='ltr'><strong><em>pag.</em></strong></span> <span class='ocrx_word' id='word_1_442' title='bbox 615 4586 680 4642; x_wconf 80' lang='lat'><strong><em>235.</em></strong></span> <span class='ocrx_word' id='word_1_443' title='bbox 808 4603 813 4611; x_wconf 95' lang='lat'>·</span> 
     </span>
    </p>

    <p class='ocr_par' dir='ltr' id='par_1_7' title="bbox 144 4654 1463 4887">
     <span class='ocr_line' id='line_1_48' title="bbox 174 4654 1463 4733; baseline -0.007 -15"><span class='ocrx_word' id='word_1_444' title='bbox 174 4663 205 4729; x_wconf 66' lang='lat' dir='ltr'><strong><em>h)</em></strong></span> <span class='ocrx_word' id='word_1_445' title='bbox 224 4662 302 4717; x_wconf 82' lang='lat' dir='ltr'><strong><em>ldeur</em></strong></span> <span class='ocrx_word' id='word_1_446' title='bbox 317 4663 455 4715; x_wconf 74' lang='lat' dir='ltr'><strong><em>Ferrarius</em></strong></span> <span class='ocrx_word' id='word_1_447' title='bbox 476 4675 536 4733; x_wconf 73' lang='lat' dir='ltr'><strong><em>pag.</em></strong></span> <span class='ocrx_word' id='word_1_448' title='bbox 563 4662 627 4718; x_wconf 74' lang='lat'><strong><em>237.</em></strong></span> <span class='ocrx_word' id='word_1_449' title='bbox 646 4656 862 4732; x_wconf 72' lang='lat' dir='ltr'><strong><em>disputationem</em></strong></span> <span class='ocrx_word' id='word_1_450' title='bbox 883 4654 915 4706; x_wconf 88' lang='lat' dir='ltr'><strong><em>de</em></strong></span> <span class='ocrx_word' id='word_1_451' title='bbox 936 4671 1061 4725; x_wconf 73' lang='lat' dir='ltr'><strong><em>tempore</em></strong></span> <span class='ocrx_word' id='word_1_452' title='bbox 1082 4657 1164 4710; x_wconf 87' lang='lat' dir='ltr'><strong><em>holus</em></strong></span> <span class='ocrx_word' id='word_1_453' title='bbox 1182 4666 1317 4716; x_wconf 78' lang='lat' dir='ltr'><strong><em>orationis</em></strong></span> <span class='ocrx_word' id='word_1_454' title='bbox 1338 4669 1376 4718; x_wconf 86' lang='lat' dir='ltr'><strong><em>tta</em></strong></span> <span class='ocrx_word' id='word_1_455' title='bbox 1396 4679 1463 4716; x_wconf 79' lang='lat' dir='ltr'><strong><em>con.</em></strong></span> 
     </span>
     <span class='ocr_line' id='line_1_49' title="bbox 144 4727 1463 4808; baseline -0.004 -13"><span class='ocrx_word' id='word_1_456' title='bbox 144 4734 240 4795; x_wconf 71' lang='lat' dir='ltr'><strong><em>dudit:</em></strong></span> <span class='ocrx_word' id='word_1_457' title='bbox 261 4735 442 4806; x_wconf 68' lang='lat' dir='ltr'><strong><em>,otrentum</em></strong></span> <span class='ocrx_word' id='word_1_458' title='bbox 462 4750 520 4800; x_wconf 82' lang='lat' dir='ltr'><strong><em>eet,</em></strong></span> <span class='ocrx_word' id='word_1_459' title='bbox 545 4733 680 4787; x_wconf 84' lang='lat' dir='ltr'><strong><em>Caeetnae</em></strong></span> <span class='ocrx_word' id='word_1_460' title='bbox 700 4748 812 4786; x_wconf 83' lang='lat' dir='ltr'><strong><em>cansam</em></strong></span> <span class='ocrx_word' id='word_1_461' title='bbox 835 4729 918 4783; x_wconf 81' lang='lat' dir='ltr'><strong><em>luteae</em></strong></span> <span class='ocrx_word' id='word_1_462' title='bbox 943 4730 1086 4802; x_wconf 79' lang='lat' dir='ltr'><strong><em>aliquanto</em></strong></span> <span class='ocrx_word' id='word_1_463' title='bbox 1110 4727 1354 4808; x_wconf 78' lang='lat' dir='ltr'><strong><em>aure.p&#39;raeturarn</em></strong></span> <span class='ocrx_word' id='word_1_464' title='bbox 1378 4742 1463 4792; x_wconf 81' lang='lat' dir='ltr'><strong><em>Clee-</em></strong></span> 
     </span>
     <span class='ocr_line' id='line_1_50' title="bbox 144 4806 1303 4887; baseline -0.016 -16"><span class='ocrx_word' id='word_1_465' title='bbox 144 4816 213 4870; x_wconf 71' lang='grc' dir='ltr'><strong><em>πώ</em></strong></span> <span class='ocrx_word' id='word_1_466' title='bbox 233 4830 260 4870; x_wconf 81' lang='lat' dir='ltr'><strong><em>es</em></strong></span> <span class='ocrx_word' id='word_1_467' title='bbox 279 4810 455 4868; x_wconf 78' lang='lat' dir='ltr'><strong><em>sensatarum</em></strong></span> <span class='ocrx_word' id='word_1_468' title='bbox 470 4811 509 4879; x_wconf 65' lang='lat' dir='ltr'><strong><em>‚C.</em></strong></span> <span class='ocrx_word' id='word_1_469' title='bbox 533 4811 642 4863; x_wconf 79' lang='lat' dir='ltr'><strong><em>t‘tsents</em></strong></span> <span class='ocrx_word' id='word_1_470' title='bbox 660 4806 698 4882; x_wconf 82' lang='lat' dir='ltr'><strong><em>(t.</em></strong></span> <span class='ocrx_word' id='word_1_471' title='bbox 718 4826 741 4862; x_wconf 86' lang='lat' dir='ltr'><strong><em>e.</em></strong></span> <span class='ocrx_word' id='word_1_472' title='bbox 760 4822 825 4862; x_wconf 80' lang='lat' dir='ltr'><strong><em>anre</em></strong></span> <span class='ocrx_word' id='word_1_473' title='bbox 844 4820 870 4857; x_wconf 88' lang='lat' dir='ltr'><strong><em>a.</em></strong></span> <span class='ocrx_word' id='word_1_474' title='bbox 886 4822 914 4859; x_wconf 88' lang='lat' dir='ltr'><strong><em>u.</em></strong></span> <span class='ocrx_word' id='word_1_475' title='bbox 937 4820 961 4860; x_wconf 84' lang='lat' dir='ltr'><strong><em>e.</em></strong></span> <span class='ocrx_word' id='word_1_476' title='bbox 983 4808 1048 4865; x_wconf 75' lang='lat'><strong>686.</strong></span> <span class='ocrx_word' id='word_1_477' title='bbox 1068 4807 1140 4865; x_wconf 66' lang='lat' dir='ltr'><strong><em>tm,</em></strong></span> <span class='ocrx_word' id='word_1_478' title='bbox 1162 4809 1303 4887; x_wconf 51' lang='lat' dir='ltr'><strong><em>cepam)</em></strong></span> 
     </span>
    </p>
   </div>
   <div class='ocr_carea' id='block_1_5' title="bbox 0 0 1615 5310">
    <p class='ocr_par' dir='ltr' id='par_1_8' title="bbox 0 0 1615 5310">
     <span class='ocr_line' id='line_1_51' title="bbox 0 0 1615 5310; baseline 0 0"><span class='ocrx_word' id='word_1_479' title='bbox 0 0 1615 5310; x_wconf 95' lang='lat' dir='ltr'><strong><em> </em></strong></span> 
     </span>
    </p>
   </div>
  </div>
 </body>
</html>
