3218 5310
144 286 185 351 98
567 288 622 352 Μ.
646 285 810 351 TULLII
835 282 1088 350 CICERONIS

150 426 264 489 milites
293 424 432 502 misisse,
462 448 544 511 quos
574 426 765 492 Ciceronem
796 428 951 489 adducere
982 424 1034 487 vel
1061 423 1188 489 domum
1216 421 1283 487 eius
1304 420 1475 489 incendere

150 519 294 582 iusserit:
316 522 392 596 sed,
416 543 487 584 curn
509 521 597 584 multi
618 519 852 583 intercederent
873 529 906 581 et
927 520 1190 599 deprecarentur,
1213 516 1410 603 pignoribus
1422 540 1475 585 ca·

152 614 215 696 ptis
231 613 404 697 quievisse.
442 616 540 679 Venit
554 615 709 699 postridie
724 614 755 676 in
769 624 908 675 senatum
927 610 1057 689 Cicero,
1074 633 1145 675 eum
1161 610 1324 675 Antonius
1338 632 1407 677 nen
1421 634 1476 677 re-

150 709 267 772 nisset:
290 708 493 795 locatumque
515 732 549 774 se
571 712 610 773 de
631 730 667 771 rc
688 707 817 789 publica
840 705 940 767 ruirnts
959 706 1084 787 quidem
1103 705 1203 768 libere
1218 726 1313 788 quam
1328 726 1387 769 sna
1401 726 1475 771 eor·

150 804 305 878 snetndo,
336 804 464 867 liberius
487 816 591 868 tamen
613 816 705 888 quarn
727 801 869 883 pericula
893 799 1057 884 minaeque
1078 800 1300 882 postulabant,
1332 802 1377 866 ait
1398 799 1474 867 Pbi·

150 895 267 978 lippire
281 897 328 958 V.
351 920 423 980 cap.
442 902 472 960 t.
510 900 557 962 At
579 898 671 979 epist.
688 896 738 956 tn.
761 892 818 955 lib.
841 893 926 956 XII.
950 896 990 955 ad
1011 894 1125 957 Famil.
1154 894 1267 957 scribit
1294 916 1330 957 re
1357 894 1473 977 postri-

152 991 200 1053 die
214 992 245 1053 in
262 1013 379 1053 stnnma
396 992 592 1075 reliquorum
615 990 768 1053 servitute
791 986 924 1049 liberum
948 1009 1042 1049 tantun
1064 988 1175 1051 sitisse.
1210 987 1333 1051 Habuit
1355 1002 1422 1055 turn
1441 988 1471 1052 in

150 1099 260 1150 senatu
281 1088 415 1169 primam
439 1086 616 1150 orationem
640 1082 870 1165 Plrilippieam,
905 1081 935 1144 in
963 1101 1025 1164 qua
1052 1080 1186 1162 primum
1207 1079 1315 1145 itioris
1336 1094 1372 1147 et
1391 1080 1470 1145 retli-

148 1181 246 1244 tionis
268 1201 344 1243 suae
367 1202 492 1243 eausam
515 1182 666 1263 exponit3
690 1176 799 1240 deinde
822 1178 860 1237 de
882 1173 1014 1237 Antonii
1035 1173 1147 1238 iniuria
1170 1186 1203 1239 et
1224 1174 1376 1240 Caesaris
1398 1174 1469 1240 aetia

148 1274 303 1355 disputat3
328 1276 367 1336 ad
389 1286 562 1337 extremum
585 1272 761 1336 Antonium
782 1283 814 1333 et
832 1268 1032 1333 Dolabellam
1054 1288 1140 1333 eoas.
1162 1272 1202 1332 ad
1222 1290 1290 1334 rem
1312 1270 1469 1355 publicant

151 1370 313 1431 moderate
335 1370 506 1452 regendam
528 1367 729 1429 cohortatur.
774 1367 856 1426 'I'nm
881 1362 1040 1426 Antonius
1061 1363 1107 1427 ira
1128 1364 1273 1428 Incensus
1295 1364 1469 1430 inimicitiae

150 1461 302 1525 Ciceroni
324 1461 517 1525 denuntiavit
543 1471 637 1545 atque
666 1462 774 1520 adesse
804 1457 833 1519 in
862 1466 971 1519 senatu
992 1456 1082 1520 itrasit
1103 1459 1205 1522 XIII.
1230 1460 1306 1523 ltat.
1331 1460 1468 1525 Octobr.

148 1556 224 1637 lpse
252 1555 372 1618 interea
402 1554 623 1637 septemdecim
653 1554 719 1615 dies
743 1554 779 1614 de
802 1551 961 1615 Cicerone
984 1550 1015 1613 in
1038 1550 1211 1615 Tiburtino
1233 1551 1398 1635 Scipionis
1419 1556 1469 1617 de·

149 1648 321 1711 clariritavit
343 1660 374 1712 et
395 1649 497 1711 XIII.
514 1647 650 1713 Kalend.
674 1646 798 1731 agunnc
822 1647 976 1726 quadrato
998 1644 1030 1707 in
1045 1636 1153 1707 aedem
1169 1643 1377 1711 Concordiae
1392 1645 1469 1711 venit

73 1818 78 1831 ¹
146 1754 240 1825 atquc
267 1741 300 1805 in
324 1741 513 1806 Ciceronem
541 1743 700 1805 absentem
731 1738 907 1802 orationem
936 1760 975 1800 ex
1007 1759 1065 1802 ore
1093 1738 1309 1822 impurissimo
1331 1740 1468 1805 evomuit

143 1838 354 1921 omnibusque
378 1836 464 1899 visus
485 1835 547 1900 suit
567 1856 627 1899 suo
651 1856 739 1897 more
762 1853 909 1907 vomere,
941 1854 1003 1897 non
1029 1832 1147 1896 dicere.
1192 1831 1347 1899 Ciceroni
1368 1847 1466 1900 autern

143 1929 282 2011 cupienti
304 1932 337 1992 in
359 1942 500 1994 senatum
525 1931 632 1993 venire
653 1951 712 2011 per
735 1927 853 1989 anticos
875 1949 939 1990 non
962 1928 1049 1991 licuit
1072 1950 1131 2005 eo,
1157 1931 1246 2013 quod
1266 1930 1464 1995 Antoniana

145 2022 304 2087 Cicerone
326 2024 432 2086 caedis
454 2024 574 2087 initium
596 2032 764 2106 quaereret
785 2020 992 2105 facturusque
1019 2034 1201 2105 putaretur3
1232 2024 1379 2107 Philipp.
1402 2024 1465 2089 III.

142 2138 215 2197 cap.
240 2117 293 2177 12.
317 2128 347 2178 et
370 2120 414 2183 V.
437 2140 509 2199 cap.
534 2122 565 2180 't'.
589 2130 621 2181 et
643 2117 736 2198 epist.
760 2118 813 2179 25.
835 2116 894 2183 lib.
918 2119 1003 2181 XII.
1027 2120 1066 2179 ad
1088 2117 1203 2181 Famil.
1248 2117 1397 2181 Antonio
1419 2118 1464 2181 nt.

143 2209 268 2272 'I'rtllins
290 2211 456 2292 respondit
478 2212 593 2293 scripta
609 2211 707 2274 nobili
725 2223 757 2274 et
771 2210 889 2285 diviua,
907 2223 941 2272 ut
956 2212 1114 2275 Iuvenalis
1130 2212 1173 2274 ait
1188 2212 1255 2275 Sat.
1270 2212 1319 2274 X.
1333 2234 1368 2275 v.
1380 2211 1463 2287 tat,

57 2303 62 2311 ’
142 2302 323 2384 Philippica
346 2308 502 2369 secunda:
531 2306 562 2368 in
592 2326 655 2389 qna
682 2306 818 2387 primmn
841 2304 970 2367 erimina
992 2304 1053 2367 sibi
1075 2305 1198 2369 obieeta
1220 2304 1340 2367 refutat
1362 2316 1396 2367 et
1415 2306 1466 2367 de·

142 2395 215 2457 inde
237 2406 336 2458 totam
360 2399 493 2463 Antonii
516 2398 613 2461 vitant
635 2421 652 2460 a
676 2398 812 2480 pueritia
843 2418 979 2461 exorsus
1007 2397 1221 2480 reprehendit.
1266 2400 1338 2461 Nee
1359 2418 1465 2462 rernn

94 2546 98 2551 .
141 2501 208 2566 est,
237 2495 324 2575 qnod
346 2492 537 2575 interpretes
559 2496 600 2556 ad
620 2516 714 2557 untnn
737 2514 846 2557 omnes
868 2503 1039 2573 putarunt,
1075 2490 1264 2555 Ciceronem
1288 2490 1374 2555 illam
1396 2510 1465 2555 ora·

140 2584 257 2648 tionem
281 2586 311 2647 in
333 2600 442 2650 senatu
465 2598 632 2669 praesente
653 2587 799 2652 Antonio
821 2586 988 2659 lrabnisse3
1014 2585 1134 2649 sedita
1157 2584 1276 2649 Cicero
1299 2606 1367 2649 eam
1390 2584 1465 2651 acri·

139 2678 222 2759 psit,
251 2679 341 2763 quasi
369 2680 399 2742 in
426 2693 625 2762 praesentem
648 2680 823 2745 Antonium
847 2682 950 2743 XIII.
975 2680 1050 2743 Iial.
1075 2679 1214 2742 Octobr.
1237 2679 1345 2745 habita
1369 2688 1462 2744 esset·

139 2776 342 2857 Argumeuto
365 2786 438 2837 sunt
462 2779 558 2837 verba
582 2776 633 2839 illa
656 2798 726 2857 cap.
751 2776 824 2837 ‹l3.:
849 2780 988 2856 eracro
1006 2772 1182 2854 deinceps,
1206 2793 1309 2846 rrum,
1332 2772 1464 2837 leodien·

138 2886 204 2928 nus
225 2866 300 2929 dies
319 2868 379 2952 qui
399 2869 463 2943 sit,
489 2868 646 2951 ignores:
672 2868 781 2931 nescis
804 2868 879 2930 lteri
900 2879 1063 2952 quartum
1085 2865 1121 2928 in
1142 2868 1235 2928 circo
1255 2865 1349 2931 diem
1368 2866 1463 2931 Indo·

137 2982 217 3022 rum
245 2964 483 3025 Romanorum
500 2961 654 3053 facisse?
708 2963 864 3041 Quartum
894 2962 974 3023 diem
1006 2961 1152 3024 ludorum
1185 2960 1284 3023 Rom.
1316 2960 1346 3023 io
1378 2960 1462 3024 circo

137 3051 236 3123 fuisse
258 3056 355 3119 XIV.
378 3058 517 3121 Iialend.
542 3057 680 3120 Octobr.
706 3078 746 3116 ca
769 3053 963 3118 Calendario
987 3065 1094 3116 vetere
1121 3064 1229 3117 notram
1253 3064 1315 3117 est.
1360 3056 1463 3119 Anto·

137 3146 243 3207 tonius
266 3148 377 3210 deinde
401 3150 527 3212 obviam
549 3149 717 3230 prol'cetus
741 3159 788 3210 est
809 3147 987 3231 legionibus
1010 3159 1181 3232 quattuor,
1206 3168 1285 3230 quae
1304 3148 1335 3211 iu
1353 3150 1464 3213 Mace·

140 3238 264 3301 doniam
287 3262 304 3301 a
329 3239 469 3305 Caesare
499 3242 610 3304 missae
638 3253 713 3324 post
742 3242 808 3305 eins
831 3244 956 3305 eaedem
980 3241 1010 3303 in
1034 3242 1156 3305 Italiam
1179 3252 1402 3317 reverterunt,
1431 3250 1464 3305 nt

139 3352 191 3393 eas
220 3333 354 3412 pecunia
384 3336 444 3399 sibi
474 3336 658 3400 conciliaret
684 3338 778 3398 etad
801 3339 909 3398 urbem
935 3338 985 3398 vel
1010 3337 1117 3419 potius
1139 3337 1170 3399 in
1194 3338 1305 3397 urbem
1329 3340 1463 3399 adduce·

138 3436 204 3499 ret,
236 3428 502 3513 Brundisiumque
526 3432 609 3494 venit
632 3432 714 3493 VII.
746 3432 818 3492 Idus
842 3431 1001 3505 Octobr.;
1033 3431 1127 3514 epist.
1150 3430 1201 3494 23.
1228 3429 1285 3491 lib.
1310 3431 1399 3494 XII.
1427 3430 1463 3493 ad

139 3518 255 3581 Fantil.
279 3533 310 3584 et
333 3522 476 3605 Philipp.
501 3527 545 3587 V·.
567 3546 639 3605 cap.
663 3526 695 3586 8.
744 3526 898 3587 Proiecto
930 3526 1073 3589 Antonio
1103 3523 1298 3588 Octavianus
1326 3524 1462 3607 primurn

138 3634 156 3673 a
180 3612 324 3690 Calatia,
356 3636 431 3677 mox
454 3637 470 3676 a
495 3616 637 3680 Casilino
663 3629 829 3679 veteranos
852 3630 1000 3698 paternos
1023 3618 1161 3681 excivit:
1193 3638 1332 3701 quornm
1355 3638 1463 3681 exem·

136 3707 223 3789 plum
246 3708 346 3771 secuti
370 3708 422 3770 alii
444 3709 538 3771 brevi
560 3708 589 3771 in
607 3712 741 3773 lorrrram
757 3710 829 3772 insti
844 3711 1000 3775 exercitus
1016 3710 1148 3785 coierc3
1170 3708 1317 3773 Velleius
1339 3712 1400 3775 lib.
1416 3710 1460 3775 II.

138 3823 210 3883 cap.
235 3804 310 3877 dh,
336 3802 455 3866 Cicero
478 3804 573 3884 epist.
597 3806 628 3866 8.
652 3804 709 3867 lib.
733 3806 834 3867 XVI.
864 3809 904 3867 ad
925 3805 1028 3868 Attie.
1073 3803 1155 3868 Cum
1178 3816 1281 3867 aretem
1304 3804 1463 3869 Antonius

140 3895 300 3957 Brundisii
323 3895 472 3959 militibus
495 3908 641 3959 centenas
664 3900 827 3961 drachmas
848 3899 1069 3981 promitteret,
1101 3897 1295 3962 fortissimae
1319 3897 1462 3983 legione!

140 3988 206 4050 eins
229 3989 393 4071 promissis
414 3990 625 4053 reclamarunt
647 4003 678 4053 et
699 3992 896 4076 congiarium
919 3994 982 4056 hoe
1003 3992 1149 4074 accipere
1171 3994 1354 4059 noluerunt.
1399 3994 1464 4059 Ita·

140 4104 201 4163 qne
224 4082 425 4146 centuriones
448 4086 575 4147 domum
598 4087 638 4147 ad
659 4108 693 4148 se
717 4086 824 4148 venire
847 4086 935 4148 iussit
956 4108 1076 4170 eosque
1092 4098 1164 4149 ante
1180 4090 1276 4169 pedes
1291 4108 1371 4151 snos
1386 4108 1464 4151 nro·

141 4174 247 4256 risque
263 4198 337 4238 snae
352 4176 490 4260 iugulari
505 4177 632 4261 eoe'git3
657 4178 775 4242 Cicero
792 4180 933 4262 Philipp.
952 4181 1016 4243 III.
1033 4202 1104 4263 cap.
1121 4181 1152 4242 2.
1169 4192 1199 4243 et
1215 4182 1261 4257 1.,
1279 4183 1326 4243 V.
1343 4204 1417 4265 cap.
1429 4180 1462 4243 8.

142 4278 172 4329 et
195 4270 297 4332 Xlll.
321 4293 393 4353 cap.
418 4272 450 4333 8.
475 4282 507 4334 et
529 4272 621 4353 epist.
642 4274 675 4335 8.
703 4274 758 4335 lib.
784 4276 883 4339 XVI.
911 4277 951 4337 ad
973 4276 1059 4348 An„
1082 4274 1148 4338 Dio
1170 4273 1225 4336 lib.
1248 4276 1371 4351 XLV,
1396 4274 1462 4349 tt..

141 4360 308 4440 Appianns
331 4364 386 4426 lib.
406 4366 472 4428 III.
497 4363 614 4429 Cicero
637 4378 701 4430 tum
724 4354 934 4431 rusticabatnr
955 4380 1049 4452 atque
1072 4369 1173 4432 libros
1196 4370 1234 4431 de
1252 4370 1375 4435 Olliciis
1389 4390 1464 4453 per·

141 4454 281 4529 liciebat,
306 4469 340 4517 nt
355 4461 561 4543 cognoscitur
584 4460 677 4543 epist.
694 4464 726 4526 8.
750 4472 781 4523 et
801 4463 1005 4545 sequentibus
1027 4464 1084 4525 lib.
1100 4462 1201 4527 XVI.
1225 4464 1265 4525 ad
1279 4465 1353 4527 Art.
1385 4466 1465 4527 Sunt

144 4545 254 4620 etiam,
279 4549 332 4631 qni
354 4572 394 4615 co
413 4566 558 4636 tempore
573 4557 742 4619 Paradoxa
758 4557 875 4637 scripta
890 4558 987 4621 lirisse
1002 4558 1196 4635 existiment,
1221 4564 1311 4642 quod
1323 4560 1464 4623 secundo

141 4639 309 4719 paradoxo
337 4640 368 4703 in
391 4647 563 4709 Antonium
592 4648 697 4711 invehi
727 4650 886 4727 videatur,
921 4653 1065 4735 quamvis
1087 4650 1119 4715 in
1141 4652 1313 4735 prooemio
1336 4656 1376 4717 de
1398 4652 1464 4719 Cn·

143 4742 218 4793 tone
241 4733 330 4814 qttasi
352 4734 428 4797 vivo
450 4737 611 4821 loquatur.
656 4742 831 4819 Antonius,
855 4766 925 4807 eum
947 4746 1113 4821 edixisset,
1137 4757 1171 4809 nt
1192 4750 1318 4811 adesset
1338 4758 1464 4813 senatu

141 4824 292 4911 frequens
315 4850 346 4892 a.
362 4832 394 4893 d.
415 4831 518 4895 VIII.
534 4834 670 4899 Kalend.
686 4837 859 4903 Decembr.
883 4861 1017 4926 eumque
1037 4840 1120 4907 diem
1142 4840 1234 4907 obire
1255 4842 1462 4928 neglexisset,
