3218 5310
66 258 74 270 ’
137 237 199 300 120
404 233 742 301 MEMORABILIA
766 234 914 298 VITAE
937 231 1187 300 CICERONIS

1362 451 1434 503 doni

1369 526 1432 579 cie.

1352 630 1426 647 —

357 710 538 777 Praeterea
553 711 661 799 legem
678 709 768 793 tulit,
789 714 846 797 ut,
873 711 926 795 qui
945 708 1050 774 civem
1077 706 1259 772 Romanum
1281 707 1338 771 in-

358 805 540 870 demnutum
562 807 799 885 interemisset,
819 807 850 870 ei
867 822 954 889 aqua
976 805 1010 869 et
1031 803 1101 890 igni
1117 800 1338 867 interdicere-

358 903 420 962 tur.
462 894 535 978 Quo
554 897 644 963 irocto
669 895 785 965 Cicero
804 904 931 964 vestem
951 899 1073 982 mutnt,
1094 898 1128 960 ei
1146 893 1337 960 sordIdatns

357 991 480 1077 populo
512 991 708 1075 supplicet¹
751 992 852 1057 Multi
878 994 1053 1057 senatores
1086 995 1120 1055 et
1147 988 1217 1054 XX
1249 988 1338 1052 milia

358 1084 519 1150 hominum
535 1086 681 1171 aliorum,
703 1088 735 1149 in
752 1088 864 1170 primis
881 1089 1010 1172 equites
1030 1086 1101 1151 fore
1123 1090 1250 1164 omnes,
1271 1101 1338 1146 re-

358 1181 469 1244 stitum
486 1177 640 1244 mutant.²
683 1175 801 1246 Cicero
818 1199 930 1246 mense
944 1180 1071 1245 Martio
1084 1182 1231 1249 extremo
1244 1173 1338 1241 Urbe

359 1270 473 1339 cedii.³
516 1273 599 1338 Post
618 1275 688 1337 eius
710 1271 890 1339 discessum
908 1270 1044 1339 Clodius
1067 1271 1108 1338 de
1131 1274 1202 1336 eius
1220 1269 1337 1335 exsilio

358 1367 401 1434 ad
422 1368 578 1453 populum
596 1366 699 1432 refert
721 1366 926 1450 edictumque
943 1367 1115 1451 proponit,
1136 1368 1173 1428 ut
1188 1363 1236 1428 iiii
1251 1378 1339 1448 nque

359 1463 393 1526 et
413 1461 484 1550 igni
511 1458 763 1526 interdiceretur
790 1465 826 1526 ei
847 1479 889 1526 ne
906 1463 994 1525 lniru
1015 1458 1258 1548 quadringenta
1274 1456 1339 1520 mi-

358 1554 403 1619 lia
431 1573 585 1639 passuum
613 1554 645 1616 ei
666 1552 782 1618 liceret
804 1573 888 1620 esse.
929 1553 1057 1620 Deinde
1085 1547 1256 1620 ciceronis
1273 1547 1340 1613 (lo-

359 1667 442 1713 mum
464 1649 496 1711 in
520 1646 667 1730 Puluiio,
706 1648 782 1711 item
806 1642 917 1713 villum
948 1647 1166 1714 Tusculanum
1189 1648 1224 1711 et
1248 1642 1339 1711 ilor-

359 1744 496 1807 minnum
522 1741 688 1829 incendii,
720 1743 808 1807 boun
830 1738 972 1827 diripit*
1026 1737 1142 1809 Cicero
1165 1736 1340 1825 Vibonem,

360 1832 530 1923 Thorium,
557 1835 748 1922 Turonium,
776 1834 985 1901 Brundisium
1009 1838 1113 1921 petit,
1146 1834 1182 1899 et
1200 1828 1245 1897 Χ.
1261 1830 1340 1899 Ku

359 1928 430 1993 lun.
455 1925 722 1993 'l'hessulonicum
745 1926 870 1994 venit⁵
912 1928 995 1994 lnde
1023 1948 1096 1995 eum
1122 1928 1152 1991 ei
1180 1940 1259 2011 spes
1278 1942 1339 1993 ro-

359 2019 447 2085 ditus
463 2021 554 2086 fucta
571 2027 677 2105 esset,
705 2021 945 2109 Dyrrhachium
971 2021 1058 2088 redit
1081 2023 1170 2087 circu
1185 2018 1246 2084 Vl.
1261 2016 1339 2083 Kei.

358 2114 438 2179 llec.
481 2111 520 2193 0.
536 2115 641 2181 irater
657 2120 735 2181 anie
752 2117 827 2182 ilai.
845 2116 956 2182 Maias
978 2116 1063 2181 risio
1081 2114 1252 2201 provincia
1274 2111 1338 2178 de-

359 2208 476 2292 cessit,
498 2226 592 2292 qnum
607 2228 668 2294 per
683 2212 856 2274 triennium
874 2206 1071 2276 obtinuerat.

400 2313 559 2378 Cicerone
572 2317 718 2396 expulso,
738 2315 871 2382 Clodius
883 2318 984 2402 legem
999 2316 1069 2380 tulii
1080 2319 1119 2381 de
1133 2315 1332 2391 Ptolemaeo,

359 2432 436 2496 rege
463 2399 584 2495 Cypri,
608 2420 644 2472 ut
669 2413 751 2474 hona
783 2411 849 2475 eius
876 2410 1113 2493 publicarentur
1145 2420 1178 2473 et
1203 2430 1336 2493 regnum

360 2503 388 2566 in
421 2508 606 2587 provinciae
633 2508 771 2572 formam
801 2505 998 2590 redigeretur
1007 2528 1017 2580 ς
1068 2507 1155 2589 quod
1175 2503 1337 2587 negotium

360 2600 412 2662 Μ.
437 2598 554 2664 Catoni
575 2603 751 2663 nrauduirnn
774 2611 834 2662 est.

156 2748 234 2820 697
274 2754 325 2825 57
360 2750 457 2816 coss.
500 2753 539 2816 Ρ.
563 2752 741 2817 Cornelius
762 2753 927 2814 leniretur
949 2749 1127 2832 Spinther,
1155 2749 1199 2832 Q.
1222 2747 1339 2813 cueu-
1376 2754 1429 2825 50

500 2847 567 2909 lius
584 2848 747 2911 Meteilus
768 2847 896 2926 Nepos.

399 2961 560 3028 Kalendis
582 2964 745 3028 Ianuariis
769 2963 929 3026 lierdulus
946 2956 1106 3046 Spinther
1131 2980 1199 3027 cos.
1218 2959 1259 3027 de
1280 2980 1339 3027 re-

358 3055 508 3121 vocundo
526 3051 687 3122 Cicerone
706 3058 739 3120 in
756 3059 874 3120 senutn
897 3073 1000 3142 agere
1018 3056 1146 3141 coepit,
1173 3053 1340 3120 adiuvan-

357 3152 445 3216 tihus
472 3151 544 3216 iere
578 3151 727 3215 omnihus
758 3149 898 3213 tribunis
930 3148 1051 3232 piebis,
1095 3149 1128 3212 in
1159 3148 1270 3232 primis
1301 3146 1340 3212 P.

346 3239 469 3327 ,Sestio
496 3247 530 3310 et
560 3244 598 3309 Τ.
620 3244 732 3309 Annio
762 3242 900 3307 Milone.
947 3242 1010 3306 His
1040 3242 1159 3306 studiis
1189 3242 1339 3308 ereetum

360 3342 425 3417 est,
448 3341 484 3402 ut
506 3340 641 3423 primum
665 3334 789 3404 Scium
810 3334 904 3399 heret
926 3334 968 3401 de
986 3337 1057 3401 eius
1074 3336 1198 3421 solute,
1219 3328 1367 3445 deinde}-

361 3432 415 3495 lex
436 3428 483 3494 de
500 3450 539 3496 eo
565 3428 754 3495 rcrocundo
780 3427 824 3493 ad
846 3428 1002 3513 populum
1023 3430 1093 3494 luta
1117 3428 1201 3514 prid
1224 3428 1341 3495 Nouae

360 3520 477 3587 Sextii.
505 3526 643 3587 omnium
667 3525 887 3588 centuriarum
908 3540 1073 3587 consensu
1094 3524 1226 3608 perlata
1254 3518 1340 3589 est‘

361 3612 484 3678 Eodem
496 3613 549 3679 die
564 3612 680 3682 Cicero
698 3614 905 3702 Dyrrhachio
919 3615 1208 3701 proiectusNonis
1219 3614 1341 3685 Sextii.

360 3706 486 3771 Tulliue
511 3709 612 3772 nuiuli
634 3708 841 3774 Brundisium
865 3712 967 3773 venit.
1020 3709 1103 3776 Inde
1122 3730 1183 3797 per
1210 3710 1339 3776 liulium

360 3802 498 3865 omnium
523 3802 784 3886 municipiorum,
813 3803 1118 3888 praefecturarum,
1140 3804 1340 3869 coloniarum

358 3912 480 3959 summa
498 3895 721 3981 gratulatione
740 3898 773 3958 et
792 3897 908 3978 pluusn
925 3899 1086 3980 exceptus
1098 3896 1235 3962 Romam
1248 3899 1341 3963 venii

359 3985 441 4071 prid
461 3986 547 4052 Non.
568 3982 663 4073 Sept.
691 3988 855 4053 Postridie
879 3991 1023 4075 senatui,
1063 3989 1183 4057 deinde
1207 3991 1341 4078 populo,

359 4081 518 4146 concione
545 4098 566 4145 a
594 4082 784 4147 consulibus
815 4081 894 4147 datu
928 4086 1057 4170 gmtius
1091 4079 1197 4174 egit.⁷
1249 4083 1341 4149 Prid.

359 4174 434 4239 ihu
449 4171 520 4240 (let.
534 4169 650 4240 Cicero
667 4175 755 4259 apud
772 4175 945 4260 pontifices
960 4197 1020 4262 pro
1036 4178 1134 4244 domo
1150 4176 1241 4245 uicit.
1266 4176 1341 4241 lio-

253 4315 345 4329 *
644 4320 750 4333 -—

397 4397 426 4459 i)
445 4392 501 4447 Cir.
520 4390 553 4445 ad
574 4397 632 4449 Au.
646 4394 699 4447 iil.
715 4400 756 4453 15.
796 4401 827 4462 2)
847 4414 896 4468 pro
910 4397 1000 4450 Sestio
1018 4395 1063 4451 111.
1102 4400 1129 4464 ὅ)
1152 4396 1272 4451 Omnem
1292 4413 1341 4449 ra-

360 4472 468 4547 tionem
484 4466 549 4523 iacti
570 4488 596 4522 er
615 4470 726 4523 consilii
746 4475 787 4523 eui
805 4475 930 4543 exposuit
946 4473 1043 4525 Cicero
1058 4491 1107 4543 pro
1122 4473 1194 4527 Sese.
1209 4475 1340 4531 16-22.

359 4562 408 4612 pro
429 4542 521 4597 Planc-
542 4548 671 4606 55-57.
691 4551 719 4598 iu
741 4547 867 4600 Pisonem
884 4551 911 4603 9.
950 4549 980 4615 d)
1002 4565 1051 4617 pro
1070 4549 1139 4602 Sese.
1159 4550 1223 4614 Q,
1243 4564 1294 4620 pro
1307 4548 1340 4602 C.

360 4616 470 4670 Rabirio
494 4626 538 4675 17.
584 4620 612 4690 5)
639 4639 688 4692 pro
711 4621 802 4674 Plano.
824 4625 869 4679 lo·
891 4621 937 4678 di·
981 4626 1013 4684 6)
1039 4641 1088 4694 pro
1110 4627 1179 4677 seer.
1202 4625 1341 4684 81-111.

358 4693 488 4752 51·58.
504 4698 578 4750 60-
589 4700 634 4752 62.
655 4700 682 4748 ln
698 4697 824 4750 Pisonem
842 4701 884 4754 15.
930 4693 968 4765 7).
981 4696 1012 4748 ud
1029 4699 1145 4752 Αιι.111.
1161 4709 1185 4755 l·
1205 4716 1256 4771 pro
1270 4699 1340 4754 Seet.

239 4798 245 4838 ,
358 4769 402 4823 63.
424 4770 451 4817 in
467 4770 591 4821 Pisonem
607 4775 653 4822 22.
