3218 5310
134 244 175 308 88
537 241 589 305 Μ.
615 239 777 304 TULLII
800 236 1048 303 CICERONIS

135 384 193 448 lib.
216 384 318 447 XIII.
348 384 386 445 ad
409 384 500 447 Fam.
552 383 632 445 Erat
664 393 767 443 niuem
797 382 849 445 Μ.
879 379 1004 443 'l'nllius
1033 389 1178 461 tempore
1207 354 1296 443 tetti'
1313 378 1459 445 Africani

138 480 261 543 Rornae
284 500 343 540 nee
364 478 433 541 fere
458 475 566 540 exibat
586 485 722 556 propter
741 472 843 535 varias
862 473 1023 536 hominum
1044 472 1258 555 suspicionem
1280 496 1362 560 quas
1378 476 1460 539 Var-

138 572 210 637 roni
227 569 360 653 exponit
375 572 469 652 epist.
486 573 517 633 2.
534 569 590 633 lib.
608 569 673 633 IX.
691 570 729 629 ad
745 569 838 630 Farn.
865 568 939 632 Fuit
955 567 1045 631 etiam
1062 567 1128 630 ruri
1144 567 1174 629 in
1192 567 1289 642 rillis3
1308 567 1412 651 ,epist
1428 572 1458 633 I.

138 666 211 729 libri
232 666 316 729 XII.
345 666 385 726 ad
407 664 524 737 Aine..
558 663 609 725 ubi
633 661 729 724 Hirtii
758 673 788 724 et
811 661 903 723 Balbi
925 659 1190 724 Caesarianoruna
1218 660 1378 741 meminit,
1407 660 1461 747 qai

138 762 203 824 boe
225 759 310 822 bello
332 758 487 821 Africano
510 758 632 820 Rornae
654 757 800 828 luerunt,
836 765 870 815 ut
892 754 1067 835 permultae
1089 753 1243 835 epistolae
1266 757 1305 818 ad
1327 754 1461 819 faenilia·

139 875 191 917 res
221 865 285 915 tum
312 853 451 934 scriptae
482 852 666 922 ostendunt3
695 849 726 911 in
757 849 872 933 quibus
901 861 972 912 sunt
1000 852 1040 911 ad
1061 851 1246 913 Varronem
1273 841 1306 913 et
1327 848 1460 915 Paetum

139 947 309 1029 pleraeque
338 944 394 1006 lib.
424 945 488 1007 IX.
517 946 555 1005 ad
586 942 698 1023 Farnil.
752 942 1009 1026 Conquiescebat
1038 944 1090 1006 Μ.
1114 943 1239 1006 'l'ullius
1266 943 1298 1007 in
1328 942 1459 1017 studiiaa

139 1039 233 1121 epist.
258 1042 289 1101 0.
319 1037 392 1100 libri
414 1038 478 1101 IX.
509 1040 548 1098 ad
570 1037 684 1100 Famil.
730 1036 902 1117 Scripsisse
925 1036 1011 1100 illurn
1038 1058 1077 1101 eo
1100 1049 1243 1121 ternpore
1264 1035 1460 1104 Partitioaet

139 1132 295 1198 oratorias
318 1130 482 1195 Corradus
503 1143 613 1212 putat,
644 1130 736 1191 etde
759 1132 880 1205 Bruto,
915 1129 969 1214 qiri
998 1141 1046 1193 est
1074 1132 1111 1193 de
1133 1129 1228 1194 elaris
1251 1129 1457 1205 Oratoribus,

142 1249 217 1291 rere
240 1226 391 1299 affirmat,
416 1246 485 1285 euin
508 1223 584 1287 rivo
607 1222 775 1285 etiamtunc
788 1222 910 1286 Catone
932 1223 1083 1306 seriptum
1107 1245 1194 1289 esse:
1217 1223 1460 1309 00001νί6000-

141 1323 276 1386 oeruiuni
299 1341 382 1382 anno
411 1329 561 1402 sequente
589 1317 706 1380 edituro
732 1316 829 1378 fnisse
860 1319 1016 1381 ostendat.
1068 1316 1190 1382 Caesar
1221 1316 1312 1381 initio
1346 1314 1459 1381 mensis

84 1400 91 1415 ’
141 1413 280 1498 Aprilis,
306 1424 338 1474 ut
362 1410 486 1474 Hirtius
507 1410 632 1490 scribit,
654 1410 765 1495 Iubam
788 1424 818 1472 ct
840 1410 1019 1503 Scipionem
1045 1410 1136 1474 vicit:
1160 1433 1197 1473 ae
1217 1410 1329 1493 paucis
1349 1410 1459 1475 diebos

138 1519 214 1591 post
243 1507 294 1569 Μ.
319 1503 402 1569 Cato
430 1504 489 1566 sibi
513 1504 626 1569 Uticae
657 1496 789 1567 mortrui
817 1505 984 1567 conscivit.
1029 1503 1113 1569 Cato
1143 1516 1245 1568 autem
1275 1504 1325 1567 sic
1345 1502 1459 1569 abiite

141 1604 224 1676 vita,
250 1613 283 1663 ut
305 1622 429 1662 causam
454 1599 606 1662 moriendi
630 1610 753 1659 naetnin
776 1619 809 1660 sc
831 1619 899 1660 esse
923 1600 1094 1681 gelide-ret:
1126 1598 1169 1661 ait
1191 1597 1312 1663 Cicero
1336 1600 1460 1663 Turen-

139 1698 204 1760 lau.
229 1695 257 1759 I.
292 1717 362 1777 cap.
386 1695 439 1757 30.
484 1694 640 1757 Africano
673 1691 758 1753 bello
781 1691 931 1754 conlecto
960 1690 1080 1756 Caesar
1102 1692 1211 1755 Idibus
1233 1692 1307 1756 Iun.
1331 1691 1461 1755 classem

138 1789 322 1853 conscendit
345 1801 374 1851 et
398 1799 472 1870 post
494 1787 574 1849 diem
599 1786 726 1848 tortium
751 1786 780 1847 in
797 1785 971 1847 Sardiniam
995 1785 1153 1865 pervenit.
1196 1786 1275 1849 Inde
1298 1805 1329 1848 a.
1345 1786 1378 1849 d.
1395 1784 1460 1849 tlt.

140 1883 276 1949 Kalend.
294 1883 404 1961 Quint.
429 1902 526 1946 nares
548 1883 760 1944 conscendens
780 1877 1052 1961 dirodetrigesiuro
1071 1877 1121 1940 die
1137 1881 1177 1939 ad
1190 1879 1311 1943 Urbem
1326 1879 1461 1943 Romam

140 1978 243 2051 venit3
275 1976 398 2038 Hirtius
429 1978 467 2037 de
490 1975 566 2037 bell.
591 1975 666 2038 Asr.
691 1985 775 2035 extr.
821 1972 940 2035 Fuerat
969 1993 1038 2033 curn
1062 1971 1201 2036 Caesare
1232 1970 1262 2033 in
1286 1971 1401 2034 Africa
1421 1970 1462 2035 P.

138 2072 327 2145 Dolabella,
361 2080 393 2130 ut
416 2071 511 2131 docet
533 2066 651 2131 Cicero
675 2064 818 2146 Philipp.
844 2065 891 2127 II.
922 2070 993 2147 cap.
1017 2064 1088 2138 20.;
1118 2065 1172 2148 qui
1199 2085 1271 2127 cum
1293 2062 1462 2129 Caesarem

139 2167 178 2228 ab
200 2164 357 2229 Africano
380 2162 465 2223 bello
488 2163 668 2222 redeuntem
691 2162 892 2222 antecederet
914 2159 1019 2241 (epist.
1036 2163 1053 2219 7
1059 2202 1068 2221 .
1092 2157 1147 2222 lib.
1165 2158 1229 2221 IX.
1253 2162 1292 2221 ad
1309 2156 1458 2237 tauta,

140 2255 310 2321 Ciceroni
333 2255 485 2317 'l’ironeni
509 2253 636 2316 obviarn
661 2253 760 2327 uiisit3
784 2253 877 2333 epist.
902 2253 933 2315 5.
960 2252 1014 2314 lib.
1030 2252 1112 2315 XII.
1142 2254 1179 2313 ad
1204 2252 1305 2314 Attio.
1331 2248 1462 2315 Caesari

137 2362 263 2415 senatus
295 2348 409 2411 multos
442 2349 581 2411 bonores
610 2347 766 2421 ‹decrerit;
800 2348 832 2407 iu
861 2347 914 2419 iis,
953 2355 986 2406 ut
1009 2345 1187 2427 praefectus
1211 2345 1369 2419 moribus,
1399 2342 1461 2409 trit

140 2439 268 2532 retineor
290 2436 483 2521 ἐπιστάτης,
510 2462 566 2521 per
596 2439 761 2503 triennium
785 2452 885 2513 esset3
916 2439 980 2504 Dio
1004 2440 1058 2503 lib.
1080 2438 1219 2514 XLIII,
1245 2442 1299 2503 lt.
1345 2434 1460 2503 Memi-

139 2537 184 2601 nit
207 2535 325 2600 Cicero
359 2534 451 2617 epist.
475 2535 527 2597 15.
551 2532 607 2596 lib.
632 2535 697 2597 IX.
728 2535 767 2595 ad
788 2533 902 2595 Fauiil.
948 2534 1028 2595 Erat
1051 2532 1168 2597 Cicero
1192 2532 1221 2595 in
1245 2533 1336 2597 Urbe
1364 2542 1459 2615 atqua

138 2653 154 2693 a
180 2629 338 2702 Caesare,
373 2641 406 2691 ut
428 2628 619 2693 Plutarchus
641 2649 671 2690 e.
694 2628 747 2691 39.
771 2627 898 2705 scribit,
929 2629 1053 2692 honore
1080 2626 1293 2702 afficiebatur,
1324 2626 1405 2689 adeo
1427 2634 1460 2687 ut

139 2723 224 2787 laudi
247 2722 380 2786 Catonis
412 2744 427 2783 a
452 2720 610 2784 Cicerone
639 2720 795 2804 seriptac¹
825 2723 1022 2804 respondens
1052 2721 1229 2785 orati0ueur
1256 2718 1325 2783 eius
1354 2729 1386 2782 et
1415 2714 1461 2781 vi·

137 2831 200 2882 tam
237 2828 394 2899 tamquam
425 2815 559 2881 Periclis
597 2825 628 2878 et
658 2817 865 2877 'l'beraurenis
899 2814 1032 2879 maxime
1065 2814 1219 2899 geminam
1253 2813 1462 2879 collaudaret.

140 2915 248 2995 Atque
264 2908 434 2977 Ciceronis
450 2909 531 2973 liber
546 2905 649 2982 Cato,
676 2906 822 2971 Caesaris
838 2907 991 2971 Anticatn
1013 2908 1210 2972 inscribitur.
1244 2905 1363 2973 Cicero
1378 2926 1461 2971 amn

136 3019 288 3090 sequente
317 3008 355 3067 ad
382 3003 524 3067 Attienus
554 3001 688 3083 epistola
718 3003 770 3062 dd.
800 3000 856 3065 lib.
881 3002 961 3067 XII.
1000 3002 1042 3065 ita
1071 3001 1218 3085 scripsit:
1254 2998 1378 3085 Qualis
1390 2998 1463 3093 fas·

138 3112 220 3163 trun
248 3099 293 3161 sit
316 3097 475 3162 Caesaris
504 3093 709 3175 vituperatio
736 3107 857 3156 contro
881 3094 1114 3158 lucidationem
1139 3116 1267 3167 menna,
1296 3091 1463 3177 perspexi

139 3216 185 3255 eac
207 3213 247 3253 eo
268 3191 374 3264 libro,
398 3213 497 3275 praem
519 3188 656 3253 Hirtius
678 3188 724 3249 ad
746 3211 798 3250 me
821 3189 934 3261 nrisit,·
955 3190 992 3250 in
1013 3211 1080 3273 quo
1102 3188 1233 3271 colligit
1256 3187 1342 3251 oitin
1361 3190 1462 3253 Cato·

139 3286 210 3360 nis,
233 3284 295 3348 scal
315 3306 391 3347 cnm
414 3283 578 3346 maximis
599 3282 758 3345 dactilibus
779 3284 875 3346 meis.
910 3282 939 3343 'I'
943 3280 1029 3343 ribus
1052 3281 1186 3343 statibus
1210 3300 1297 3343 eisarna
1320 3278 1365 3345 C.
1381 3278 1464 3367 Cae:

137 3401 238 3442 sarcrn
268 3378 298 3439 in
330 3377 539 3459 vituperando
570 3375 712 3450 Catone,
745 3388 793 3439 est
823 3380 905 3459 apud
935 3375 1118 3455 Quintilian.
1151 3375 1208 3436 lib.
1235 3372 1302 3437 ΙΙΙ.
1332 3384 1408 3457 ca'p.
1429 3372 1461 3437 t.

140 3473 308 3538 Caesarem
330 3469 361 3532 in
385 3470 576 3533 Anticatoue
599 3470 675 3531 citat
699 3470 819 3532 Gellius
853 3468 908 3533 lib.
933 3470 997 3533 lv.
1027 3491 1098 3551 cap.
1123 3470 1176 3531 tu.
1220 3467 1262 3532 C.
1286 3464 1461 3531 caesaria

138 3565 331 3630 Anticatoue
355 3562 464 3644 priore
487 3562 650 3624 adducitur
666 3584 682 3624 a
698 3563 863 3626 Prisciano
886 3563 941 3625 lib.
958 3563 1061 3627 XIII.
1091 3561 1249 3626 Iuvenalis
1265 3562 1380 3641 Satyra
1396 3558 1461 3625 VI.

21 3662 24 3666 ’
140 3682 175 3724 ιι.
199 3660 295 3722 tta:
327 3660 409 3721 Duo
430 3657 590 3719 Caesaris
617 3656 854 3719 Anticatones.
898 3653 1016 3720 Cicero
1045 3676 1098 3737 ep.
1128 3656 1181 3717 50.
1213 3654 1270 3717 lib.
1294 3654 1397 3719 XIII.
1425 3654 1464 3717 ad

141 3755 212 3816 Au.
239 3748 385 3815 Caesaris
410 3747 509 3810 libros
533 3761 643 3811 eontra
660 3746 814 3811 Catonem
838 3750 990 3813 nominat.
1035 3747 1216 3812 Crernntius
1232 3747 1362 3814 Cordus
1380 3748 1464 3833 aput

144 3845 289 3909 'l'aeitum
314 3843 370 3905 lib.
389 3843 453 3904 IV.
493 3842 606 3906 Annal.
628 3864 700 3922 cap.
717 3842 791 3904 db:
820 3847 875 3907 M.
891 3843 1067 3908 Ciceronis
1087 3841 1193 3917 libro,
1217 3864 1287 3926 qno
1301 3846 1467 3907 Οαῑοηοιι

140 3941 236 4002 caeto
257 3935 431 4021 aeqrsnoit,
456 3934 539 4018 quid
559 3934 656 3996 aliud
676 3934 824 3998 dictator
845 3940 974 4001 Caesar·
994 3957 1098 4021 priam
1119 3937 1288 4019 rescripta
1307 3937 1466 4001 orations

141 4034 231 4093 oelnt
252 4029 346 4114 apud
366 4027 497 4092 iudices
518 4027 719 4110 respondit?
752 4029 875 4093 Gellius
896 4030 979 4093 libro
995 4030 1096 4093 XIII.
1121 4050 1193 4110 cap.
1212 4030 1282 4091 IS:
1306 4032 1467 4097 01.οω

182 4176 211 4249 ι)
230 4178 298 4231 Cum
321 4180 421 4232 Cacsar
445 4196 534 4232 rernm
554 4178 743 4232 Africanarum
769 4186 824 4233 tarn
848 4199 920 4237 essee
947 4191 1067 4257 portius,
1098 4188 1177 4240 beros
1201 4202 1293 4239 aurem
1319 4185 1369 4239 Ille
1394 4186 1467 4243 caro

143 4268 293 4379 tumst:
317 4254 1135 4388 ttl‘ttsltlt‘bittit‘itlltltlt“⁰n⁰f¹t“‘’
1157 4266 1260 4387 up...
1285 4258 1466 4390 ‘'¹¹³⁶‘'(2‘

147 4406 288 4455 exstructi.
326 4404 404 4476 Opus
424 4404 493 4458 utud
515 4370 599 4460 nectit
620 4410 701 4458 entus
723 4371 834 4461 lionam
852 4374 955 4461 theni
966 4352 1234 4483 eggiiiaiimeiitiait
1249 4350 1403 4476 incililnlae
1415 4352 1468 4475 ἶ).

145 4474 272 4529 'Iurrsrall
298 4471 348 4547 Ep.
371 4494 430 4552 pag.
455 4482 518 4537 159.
565 4486 692 4535 &terem
716 4483 749 4536 ad
773 4484 846 4537 bunc
875 4489 966 4556 tpsnm
989 4501 1092 4541 annum
1113 4503 1178 4540 ante
1201 4485 1323 4540 andttam
1348 4486 1466 4543 Catenis

145 4565 262 4605 mortem
289 4552 330 4604 rel
359 4552 394 4604 ad
412 4555 618 4625 praecedentem
640 4558 760 4611 reterens
779 4560 923 4613 Ciceronis
944 4560 1108 4617 Paradoaea.
1145 4558 1380 4617 elcesaeum
1400 4558 1469 4633 Pp'a·

146 4625 216 4698 legg.
238 4640 298 4698 pag.
318 4628 446 4683 xxxvl.
483 4632 534 4684 Ites
557 4648 648 4685 tamen
675 4650 784 4706 prorsus
807 4638 928 4699 Incerta,
956 4653 1019 4688 eoru
1040 4636 1112 4689 nttrtl
1131 4635 1277 4711 Impediat,
1295 4654 1352 4709 qno
1373 4639 1467 4717 minqt

146 4698 238 4779 paullo
265 4715 329 4751 ame
352 4702 392 4754 Μ.
417 4705 508 4757 Crasst
536 4710 680 4760 tmertaum
707 4712 750 4775 (a.
774 4728 800 4761 n.
825 4725 851 4761 e.
875 4714 939 4767 700.
966 4712 1107 4786 Captrel.)
1135 4710 1220 4766 aertbt
1240 4714 1384 4787 potnsrtat
1402 4708 1467 4765 itta·

146 4774 422 4831 declamatiunculae.
463 4777 520 4834 Clr.
543 4780 699 4836 Iabrtetnm
724 4782 900 4839 tuirstat.
926 4786 990 4845 700.
