3224 5310
605 271 845 336 HISTORIA.
1346 276 1387 341 te

65 415 247 477 iurauerunt
268 409 378 494 pauei;
402 410 433 473 in
455 411 568 496 quibus
585 433 601 472 a
618 411 756 476 Salustio
779 413 821 476 P.
835 413 1030 489 Autronius,
1055 416 1098 477 L.
1112 412 1249 479 Catilina
1273 429 1304 479 et
1320 417 1384 481 Cn.

61 509 142 573 Piso
166 515 382 567 numerantur.
414 504 481 569 Dio
494 505 666 567 XXXVI.
691 506 744 566 27.
769 518 800 568 et
817 505 987 569 Suetonius
1009 507 1039 570 iu
1056 506 1152 572 Caes.
1176 529 1248 591 cap.
1272 511 1302 574 9.
1325 511 1387 573 illis

59 605 178 665 addunt
200 602 242 664 Ρ.
256 599 396 672 Sullam3
418 619 478 661 nee
499 598 641 659 dissentit
657 598 768 660 Livius
792 599 848 661 lib.
868 599 947 675 cl.;
971 623 1035 685 quo
1059 601 1186 666 notniue
1202 603 1290 665 Sulla
1313 615 1387 686 post

58 717 163 760 anuos
191 704 343 780 quattuor
365 714 382 754 a
406 695 449 756 L.
474 695 643 775 Torquato
673 704 860 767 accusatus,
895 697 935 758 ab
963 695 1143 759 Hortensio
1174 707 1206 759 et
1229 695 1387 761 Cicerone

57 791 210 853 defensus
230 788 302 851 fuit.
347 786 392 851 Hi
414 788 541 850 circiter
564 789 673 851 Nonas
697 786 869 850 Decetnbr.
894 789 1028 854 consilio
1050 790 1299 865 connominato,
1329 813 1386 873 pa·

55 884 175 945 rabant
195 880 227 945 in
243 878 408 962 Capitolio
426 881 560 945 Kalend.
576 880 645 942 lan.
664 878 791 944 Cottam
815 894 845 943 et
863 883 1062 966 'l'orquatmu
1085 904 1170 947 eost.
1193 883 1385 948 interlicere.

56 978 109 1040 Ea
130 997 170 1040 re
191 975 318 1060 cognita
340 974 374 1039 in
396 975 506 1038 Nonas
526 975 685 1038 Februar.
711 975 874 1038 eonsilium
904 977 1007 1039 caedis
1041 978 1282 1041 transtulerunt.
1324 980 1388 1041 Scd

54 1092 166 1155 neque
196 1082 262 1133 tum
294 1071 405 1132 caedes
432 1068 514 1131 iacta
546 1079 613 1140 est;
647 1070 734 1149 quod
764 1067 900 1132 Catilina
931 1070 1054 1153 signum
1084 1071 1256 1136 coniuratis
1285 1072 1385 1155 prius,

56 1186 158 1251 quant
178 1163 282 1248 parati
303 1175 426 1240 essent,
451 1161 590 1225 dederit:
616 1163 769 1226 Salustius
792 1175 824 1225 et
845 1163 1009 1228 Asconius
1031 1168 1062 1228 d.
1087 1165 1110 1228 Ι.

140 1314 243 1456 Auno
265 1389 366 1455 Urbis
390 1392 687 1454 DCLA'A'XVIII.
712 1389 884 1454 Ciceronis
911 1393 1021 1454 XLII.
1044 1412 1133 1455 coss.
1146 1390 1305 1482 ficerunt

107 1534 160 1608 Ι..
184 1532 435 1610 AURELIUS
461 1532 651 1627 COTTA‚
690 1533 735 1606 t..
763 1533 988 1610 MANLIUS
1015 1535 1332 1636 TORQUATUS.

144 1692 272 1756 Hortun
295 1692 458 1754 consulum
482 1688 617 1752 meminit
642 1687 759 1752 Cicero
783 1690 921 1772 Agraria
947 1691 992 1753 ll.
1018 1712 1089 1772 cap.
1115 1694 1166 1754 tt.
1192 1704 1223 1755 et
1245 1694 1274 1756 in
1299 1694 1387 1759 Cati·

56 1787 116 1851 lin.
138 1786 209 1851 III.
239 1806 311 1866 cap.
339 1784 371 1846 8.
401 1770 450 1847 his
480 1784 606 1848 verbis:
641 1784 817 1847 Mentoris
846 1785 983 1858 tenetis,
1019 1788 1119 1848 Cotta
1148 1799 1180 1849 et
1210 1791 1390 1872 Torquato

56 1903 152 1946 eoas.
174 1882 364 1963 complures
386 1879 420 1940 iu
436 1879 607 1960 Capitolio
627 1877 805 1940 uua-esde
827 1880 921 1940 caelo
943 1899 1015 1943 esse
1033 1901 1233 1960 percussus,·
1256 1904 1334 1945 curn
1356 1893 1389 1945 et

57 1976 250 2039 simulacra
278 1973 420 2036 deorum
449 1971 697 2035 immortalium
727 1972 870 2054 depulsa
897 1986 976 2034 suut
1012 1985 1045 2035 et
1073 1984 1209 2036 statuae
1239 1988 1390 2039 ueterum

55 2068 236 2134 itomt'uutn
257 2067 407 2130 deiectae
428 2079 461 2130 et
484 2069 598 2151 legum
619 2089 703 2131 uera
725 2065 928 2159 liquefacta.
967 2071 1096 2130 Tactus
1119 2080 1169 2130 est
1191 2069 1296 2132 etiam
1318 2070 1387 2146 ilie,

55 2165 119 2249 qui
139 2165 227 2224 Itane
250 2163 375 2225 Urlreut
395 2162 565 2237 condidit,
601 2165 780 2226 Romulus.
826 2163 943 2223 Eadem
967 2160 1115 2242 prodigia
1140 2161 1259 2224 Cicero
1282 2162 1313 2223 in
1338 2184 1389 2224 se-

57 2259 165 2321 cundo
194 2259 234 2320 de
261 2257 429 2321 consulatu
451 2255 600 2321 Uraniatu
625 2258 750 2319 Musam
775 2267 952 2317 narrantem
983 2255 1057 2317 iecit
1090 2256 1237 2317 versibus
1260 2256 1389 2340 elegan-

57 2352 205 2427 tissimis,
231 2353 284 2434 qui
308 2363 431 2413 exstant
447 2351 469 2411 l.
487 2351 516 2413 I.
534 2371 603 2432 cap.
617 2353 669 2410 ll.
686 2369 755 2432 seq.
779 2351 816 2410 dc
832 2348 998 2422 Ilit·ittat.;
1021 2352 1058 2411 tie
1075 2348 1182 2411 iisdem
1201 2350 1389 2433 Obsequeos

59 2468 89 2510 e.
107 2445 184 2508 122.
207 2455 240 2507 et
256 2444 320 2507 Dio
344 2445 397 2507 tin.
414 2444 601 2506 XXXVII.
626 2444 656 2505 9.
684 2444 735 2505 Μ.
755 2443 879 2505 'I'ullius
901 2464 940 2502 cx
963 2455 1114 2523 praetura
1136 2443 1168 2504 in
1191 2443 1387 2524 provinciam

57 2539 105 2603 ire
126 2538 249 2615 uoluit,
282 2551 316 2600 ut
338 2539 404 2620 ipse
425 2560 487 2619 pro
511 2539 647 2600 Murena
677 2548 825 2610 testatur,
858 2540 912 2600 sed
937 2559 1008 2599 cum
1032 2560 1113 2601 anno
1136 2550 1287 2622 sequente
1310 2560 1387 2601 con·

60 2634 195 2696 sulatum
224 2644 336 2715 petere
362 2633 537 2714 cogitaret,
569 2633 629 2692 line
658 2642 801 2712 tempore
830 2637 1012 2713 prensabat.
1058 2633 1128 2713 Qua
1160 2635 1198 2694 de
1227 2654 1261 2694 re
1291 2632 1335 2695 ait
1357 2632 1389 2695 in
1454 2693 1459 2709 ,

60 2749 111 2809 ep.
133 2730 166 2792 i.
188 2726 247 2789 tib.
271 2727 301 2789 I.
326 2728 365 2788 atl
386 2728 477 2797 Att.,
507 2747 599 2808 quam
630 2727 690 2787 ltoe
718 2747 798 2788 auno
822 2739 893 2789 ante
917 2726 1044 2788 cotttitia
1067 2727 1246 2790 consularia
1274 2726 1387 2790 Attico

61 2820 199 2902 scripsit.
243 2820 303 2882 His
333 2819 514 2881 consulibus
543 2817 660 2882 Cicero
692 2817 733 2882 C.
759 2820 942 2882 Cornelium
975 2823 1012 2882 de
1044 2820 1203 2883 maiestate
1236 2823 1318 2902 aputl
1341 2821 1384 2900 Q.

61 2908 204 2978 Gallium¹
222 2925 402 2997 praetorem
425 2912 595 2995 quatriduo
620 2913 777 2976 defendit:
810 2936 887 2997 quas
912 2915 1051 2976 actiones
1074 2914 1106 2977 in
1129 2917 1204 2977 duas
1228 2913 1390 2979 orationes

61 3010 191 3072 collatas
221 3009 337 3083 edidit,
367 3019 498 3070 auctore
524 3007 689 3080 Asconio,
721 3010 804 3087 apud
829 3019 921 3090 quem
949 3009 1100 3090 reliquiae
1123 3009 1304 3072 oratIonuut
1332 3031 1391 3071 ex·

60 3108 171 3165 staut.¹
215 3104 340 3167 Eodem
370 3123 469 3177 anuo,
502 3113 535 3161 ut
563 3100 627 3163 Dio
659 3102 714 3163 lib.
739 3104 925 3165 XXXVII.
955 3104 985 3165 9.
1017 3102 1145 3177 scribit,
1183 3100 1224 3166 C.
1254 3101 1386 3183 Papius,

61 3198 205 3258 tribunus
227 3197 288 3278 pl.‚
314 3197 415 3277 legem
439 3194 528 3268 tulit,
563 3217 600 3256 ue
620 3195 691 3277 quis
719 3195 905 3278 peregrinus
928 3196 958 3257 in
983 3199 1061 3257 urite
1084 3206 1178 3258 esset.
1224 3196 1308 3258 Hine
1333 3195 1389 3260 Ci-

60 3312 134 3355 cero
163 3291 219 3353 lib.
243 3291 308 3355 ill.
339 3312 409 3371 cap.
436 3292 487 3351 11.
516 3293 552 3352 de
576 3289 718 3351 Officiis:
751 3293 848 3353 Male
870 3292 993 3365 etium,
1024 3291 1084 3374 qui
1100 3290 1306 3373 peregrinos
1329 3312 1389 3352 ur·

59 3385 156 3448 bibus
175 3384 359 3467 prohibent
377 3405 500 3466 eosque
521 3384 770 3455 exterminent,
794 3396 831 3444 ut
847 3387 980 3446 Pennus
1001 3385 1096 3466 apud
1105 3396 1224 3466 potres
1238 3396 1388 3457 nostros,

59 3477 190 3561 Pupius
210 3499 331 3560 nuper.
376 3478 471 3539 Ilnue
495 3478 593 3558 legem
614 3477 743 3557 Papiam
767 3477 905 3538 nominat
929 3477 1007 3540 idem
1031 3499 1090 3558 pro
1107 3477 1226 3541 Archia
1249 3499 1321 3558 cap.
1338 3480 1389 3550 5.;

59 3573 190 3633 eandem
214 3569 363 3654 intelligit
377 3573 406 3632 in
423 3571 561 3652 Agraria
585 3571 684 3650 prima
707 3593 777 3650 cap.
796 3573 840 3640 l„
867 3592 936 3631 euut
952 3571 1068 3655 iuquit:
1092 3571 1270 3636 Sitttillt'ute
1288 3583 1391 3653 utqtte

58 3666 91 3728 in
103 3666 169 3727 ilict
179 3666 266 3748 lege,
283 3685 353 3748 qua
360 3664 538 3746 peregrini
550 3667 662 3727 Romu
672 3664 866 3736 eiiciuutur,
885 3664 1096 3745 (ilutteippus
1107 3664 1294 3745 excipitur.
1312 3666 1388 3727 Hoe

59 3780 191 3842 quoque
210 3755 434 3819 anuoCatilina
455 3770 617 3819 accusatus
634 3769 680 3819 est
696 3761 939 3838 repetundarum
956 3781 971 3819 a
989 3757 1156 3823 P-Clodio
1169 3760 1388 3821 adolescente:

60 3851 181 3917 Cicero
197 3872 260 3932 pro
274 3848 386 3912 Caelio
404 3871 474 3931 cap.
489 3851 519 3912 l.
540 3864 571 3911 et
587 3850 747 3913 Asconius
763 3851 791 3912 iu
807 3854 899 3935 Toga
916 3851 1047 3913 eandida
1070 3856 1117 3932 (p.
1134 3853 1187 3916 92.
1206 3853 1255 3914 ed.
1269 3852 1391 3930 Bait.).²

70 3965 162 3974 ——n——
354 3965 371 3973 υ
414 3966 515 3974 ...η’
532 3966 547 3971 ..
564 3964 810 3973 ..-Μ-...ᾔ
831 3965 837 3971 .
852 3967 855 3971 .
931 3964 968 3972 ..—
983 3965 1027 3971 .---.
1064 3965 1081 3971 .-
1095 3965 1166 3972 ..η-,-
1175 3965 1263 3972 .--—-.-
1275 3963 1377 3971 -..υ-ω

96 4014 128 4076 1)
156 4008 218 4059 Nee
235 4003 367 4076 sortibus
394 4005 490 4069 inodo,
521 4005 571 4054 sed
595 4010 679 4055 etium
697 4001 881 4072 fulgentibus
906 4008 995 4052 nrmis
1016 4004 1170 4070 proeliatus
1189 4008 1218 4052 in
1237 4020 1324 4053 carten
1347 4009 1391 4052 est

60 4083 163 4136 Citero
182 4081 305 4134 Cornelii
312 4101 322 4140 ,·
346 4086 392 4150 qui
417 4097 472 4131 non
498 4089 640 4130 assecutus
659 4087 732 4129 esset
750 4079 872 4129 docendo
897 4078 1012 4128 iudicem
1032 4086 1144 4128 tantum
1165 4087 1192 4128 et
1212 4079 1319 4127 utt‘iiter
1337 4077 1391 4127 de-

59 4177 135 4211 mum
161 4175 197 4208 tte
215 4156 316 4210 Latine
338 4160 534 4226 perspicueque
559 4155 691 4218 diceudo,
721 4164 752 4204 ut
774 4154 893 4226 populus
912 4153 1051 4204 deruanus
1076 4153 1291 4203 admirationem
1310 4170 1390 4205 suant

60 4252 117 4286 non
137 4233 343 4284 acclamatione
362 4234 465 4296 sotum,
484 4230 534 4281 sed
552 4236 637 4280 etiam
653 4231 756 4299 plausu
775 4227 966 4301 confiteretur.
1007 4228 1124 4296 Quintil.
1146 4236 1179 4290 8,
1201 4234 1234 4292 5,
1257 4231 1283 4286 3.

98 4316 131 4374 2)
153 4309 185 4360 ln
206 4322 236 4359 ea
257 4312 367 4358 actione
387 4322 533 4378 patronum
554 4305 688 4357 CatiIInse
709 4307 871 4356 Ciceronem
899 4303 983 4356 luisse
1001 4319 1097 4355 contra
1117 4303 1192 4354 tuam
1214 4301 1390 4376 (ittiddletou

60 4386 95 4439 T.
119 4387 142 4436 l.
163 4402 189 4455 p.
215 4381 297 4447 itt.)
325 4385 492 4452 Asconiique
513 4385 676 4433 sententiam
703 4397 813 4452 prorsus
833 4379 982 4433 contendo.
1022 4380 1090 4430 Natu
1112 4382 1227 4429 eumino
1248 4377 1317 4429 nihil
1337 4392 1389 4438 eat,

60 4458 136 4532 quod
158 4462 294 4512 Asconius
315 4461 460 4528 praecipue
480 4472 636 4528 argutum,
655 4460 815 4508 ciceronem
837 4455 863 4506 id
884 4456 1051 4506 detensionis
1072 4452 1237 4508 bendictum
1254 4452 1389 4504 Catilinae

59 4549 206 4606 nunquam
234 4533 423 4606 exprobrasse.
463 4533 518 4584 Ius
547 4536 622 4582 enim
644 4549 685 4582 res
706 4533 834 4582 (licerent
857 4530 939 4580 alleui
961 4531 1126 4598 turpitudini
1147 4527 1209 4580 l'uir.
1247 4525 1388 4598 Siquidem

60 4610 185 4663 Catilina
207 4615 265 4658 tam
284 4607 442 4658 invidiosus
459 4626 491 4659 ex
511 4625 543 4659 eo
559 4607 665 4658 iudicio
678 4606 820 4668 discessit,
843 4614 873 4654 ut
892 4602 971 4654 alittd
989 4607 1019 4652 in
1039 4621 1098 4652 rum
1118 4603 1251 4653 iudicium
1269 4602 1390 4674 quotide

55 4688 260 4756 flagitaretur.
297 4685 344 4752 (Q.
365 4683 464 4735 Cicero
484 4681 517 4734 de
538 4687 614 4754 petit.
637 4698 713 4733 cons.
732 4682 757 4746 i.
780 4687 819 4745 3.)
853 4679 932 4732 More
955 4682 1039 4751 igitur
1059 4694 1108 4729 tuo
1129 4677 1300 4747 consilioque
1320 4695 1390 4748 pru·
1471 4710 1477 4725 .

60 4761 231 4814 demittitur
251 4760 349 4811 Cicero
375 4756 409 4809 ad
435 4757 574 4810 uttandstn
601 4757 734 4808 invidtam
762 4769 844 4808 tacet.
881 4754 955 4806 Ecce
980 4758 1053 4805 enim
1082 4758 1110 4804 in
1136 4751 1232 4803 eodem
1253 4755 1390 4803 Catilina:

61 4843 188 4906 renatus
207 4850 261 4903 ego
280 4837 464 4901 sementiam,
487 4836 577 4904 lnquit
596 4831 644 4909 (ad
665 4823 745 4885 Attio.
767 4831 792 4898 l,
815 4826 890 4901 16.),
910 4828 1049 4880 dist-bis
1068 4827 1300 4880 absoluturum
1318 4824 1390 4881 ten-
1447 4904 1451 4912 .
