3218 5310
555 169 559 180 ’
611 219 674 286 nn
696 220 740 286 n.
763 218 998 289 nunerio.
1405 219 1470 289 ns

139 359 316 425 Lambinus
338 359 372 424 in
394 358 530 443 epistols
549 358 603 424 illa
625 363 769 447 praelixa
790 359 962 427 Ciceronis
989 354 1131 436 ,Ibidem
1152 355 1198 438 (in
1219 356 1325 440 Italis)
1347 357 1389 447 Q.
1404 359 1472 429 llo·

138 460 252 516 ratium
279 451 428 517 Flaccum
455 474 524 518 cum
552 452 783 542 eaemplaribus
809 459 962 544 artaque,
991 474 1121 543 quorum
1148 473 1266 540 magna
1294 464 1343 515 est
1368 458 1402 516 in
1422 459 1471 519 eis

139 544 218 609 loct's
246 550 358 632 copia,
387 551 584 632 comparavi,
612 568 725 636 eosque
745 546 841 613 atus
861 561 953 636 atque
973 558 1115 610 auctores
1134 557 1275 629 secubat,
1304 544 1418 611 multos
1437 552 1473 612 irs

138 661 176 702 eo
190 641 293 728 poeta
313 638 398 703 locos
419 651 453 704 et
469 637 635 702 mendosos
654 638 819 706 emendavi
838 655 871 705 et
888 639 1067 727 implicatos
1086 636 1253 725 explicavi.

223 736 256 798 8.
299 735 409 818 Atque
440 735 526 797 addit
556 736 595 798 de
624 734 757 822 reliquis
787 736 939 820 operibus
967 734 1052 797 suis:
1088 731 1237 821 Idemque
1266 736 1300 794 in
1326 729 1471 797 manau

132 827 261 914 perfeci
285 837 342 889 aut
366 837 448 890 certe
474 837 604 889 conatus
630 849 708 891 sum.
758 827 819 892 His
845 825 936 891 rebus
963 825 1101 890 secuda
1124 825 1284 889 ltomirtum
1312 824 1469 891 voluntate

137 916 307 999 absolutis,
335 938 405 982 cum
431 916 566 982 aliorum
592 917 776 1002 multonem,
803 933 866 984 ntm
892 925 1032 988 maaima
1058 919 1169 982 Errioi
1193 918 1341 982 Memmii
1361 914 1395 982 C.
1423 917 1468 987 V.

137 1010 313 1098 supplicum
335 1008 507 1075 libellorum
529 1018 564 1076 in
582 1012 686 1100 Regia
704 1019 853 1102 magistri
868 1011 1011 1092 bortum,
1040 1014 1132 1097 coepi
1158 1015 1193 1075 in
1211 1009 1260 1077 M.
1286 1010 1390 1074 tullio
1415 1009 1468 1076 Ci-

137 1127 266 1187 cerone,
295 1111 383 1169 cuitu
408 1127 458 1169 me
479 1105 716 1192 perstudiosum
730 1106 858 1194 fuisse,
886 1109 942 1198 qui
964 1126 1015 1170 me
1029 1109 1163 1191 penitus
1180 1113 1348 1185 naverunt,
1376 1115 1470 1169 testes

137 1196 217 1261 malti
235 1220 303 1261 esse
318 1210 470 1283 possunt,
499 1197 582 1263 idem
602 1221 717 1285 cupere
730 1212 909 1287 praestare.
952 1199 1068 1264 Subdit
1090 1201 1129 1261 dc
1152 1196 1314 1261 veteribus
1335 1195 1426 1262 libris
1447 1219 1468 1263 a

136 1314 171 1356 se
193 1292 346 1374 inspectis
369 1303 400 1355 et
420 1293 545 1370 studio,
578 1295 666 1379 quad
693 1293 724 1357 in
753 1295 801 1356 his
830 1294 983 1378 impendit
1003 1288 1162 1355 biennium
1181 1311 1251 1354 cum
1272 1310 1358 1353 anno
1378 1289 1471 1352 elimi-

135 1383 190 1447 dtis
197 1432 208 1465 ,
231 1397 264 1447 ct
270 1383 383 1472 paullo
397 1383 543 1473 amplius.
580 1389 625 1453 Et
640 1386 831 1453 Ciceronem
854 1388 980 1471 quidem
1003 1386 1147 1471 vulgavit
1170 1406 1201 1449 a.
1226 1385 1346 1451 1566.1
1368 1395 1465 1468 atquo

136 1481 256 1544 Errico
280 1480 435 1545 Memmio
458 1479 644 1545 dedicavit.²
688 1480 844 1545 Triennio
872 1493 943 1544 ante
964 1479 1152 1544 Lucretium
1183 1478 1364 1542 universum
1386 1499 1469 1541 nun-

137 1572 267 1656 cupavit
290 1571 413 1637 Carolo
436 1574 525 1649 IX.;
557 1573 702 1657 singulos
731 1595 810 1638 vero
841 1573 941 1639 libros
969 1571 1122 1650 diversis,
1157 1570 1275 1636 Ertico
1298 1572 1468 1654 Memmio,

135 1667 178 1731 P.
194 1667 385 1745 Ronserdo,
411 1668 573 1731 Germano
588 1666 720 1731 Veienti
737 1666 936 1749 Pitnpnntio,
960 1667 1106 1742 Mureto,
1130 1665 1277 1731 Adriano
1295 1667 1466 1744 Turnebo,

135 1760 186 1826 Io.
208 1763 349 1825 Aurata.
393 1762 528 1825 Praeter
550 1762 628 1837 hos,
661 1782 744 1845 quos
773 1783 813 1825 eo
843 1761 918 1825 loco
949 1772 1074 1823 veteres
1103 1769 1252 1823 auctores
1275 1781 1292 1821 a
1315 1780 1350 1821 se
1372 1780 1469 1825 reco-

137 1853 245 1939 gnitos
268 1853 459 1931 nominavit,
485 1853 578 1918 edidit
601 1875 631 1917 a.
657 1855 750 1919 1569.
791 1851 925 1919 Aemilii
943 1847 1058 1932 Probi,
1091 1871 1147 1912 seu
1171 1848 1311 1913 Comelii
1331 1849 1471 1937 Nepotes

138 1942 189 2010 lib.
212 1945 252 2009 de
274 1952 337 2011 vita
357 1945 572 2010 eaccllentium
594 1946 838 2033 imperatorum,
872 1945 1024 2009 adiunctis
1046 1945 1122 2009 satis
1145 1944 1251 2030 longis
1273 1955 1472 2010 commenta·

138 2039 209 2104 riis.
253 2042 303 2105 Ita
330 2063 410 2106 vero
440 2064 509 2106 enm
536 2043 650 2105 librum
674 2041 853 2124 inscripsit,
884 2039 941 2126 qsti
970 2062 1052 2103 nune
1074 2038 1222 2104 Cornelii
1244 2039 1384 2120 Nepotis
1408 2058 1470 2102 no·

137 2221 219 2274 binus
237 2222 304 2293 quid
320 2228 360 2275 slt
378 2242 497 2295 crepere.
536 2224 590 2275 Ille
608 2241 711 2294 quoque
730 2231 800 2274 noto
819 2224 871 2274 illo
889 2242 993 2290 meum,
1031 2224 1081 2275 Ad
1099 2222 1144 2276 od.
1164 2227 1209 2281 51.
1238 2222 1278 2273 ad
1294 2222 1384 2275 verba
1407 2228 1473 2276 rins

139 2297 207 2368 Syra
235 2314 358 2371 seperate
383 2316 473 2352 merce
493 2298 645 2351 Muretus:
670 2318 702 2350 ex
725 2305 926 2351 commentatio
946 2317 1009 2352 tneo
1029 2302 1058 2353 in
1078 2298 1232 2353 Catullum.
1269 2298 1319 2349 Aa
1335 2315 1472 2350 commen·

137 2382 195 2426 lor.
216 2373 260 2424 od.
282 2375 326 2431 16.
345 2374 392 2427 lib.
412 2380 440 2429 2.
462 2373 643 2443 subsignavit
662 2372 750 2424 verba
770 2372 898 2425 Lantbini
916 2374 984 2425 illo:
1010 2378 1101 2443 Atque
1124 2373 1192 2426 liaeo
1210 2378 1336 2444 quamuis
1357 2391 1413 2426 non
1433 2378 1472 2427 its

138 2454 232 2517 magni
254 2452 397 2517 ponderis,
417 2453 529 2518 quidem
550 2466 614 2501 cnm
634 2457 717 2501 sciret
738 2466 751 2499 ι
772 2465 816 2499 me
836 2466 970 2520 occupata
991 2450 1043 2502 sibi
1065 2451 1245 2500 iniustissime
1264 2453 1403 2517 irrogavit
1418 2461 1472 2502 eet.

138 2523 222 2575 cretio
241 2521 315 2590 qumi
331 2542 361 2573 se
379 2532 521 2592 spectasse
539 2523 684 2576 erederet:
703 2530 732 2574 et
750 2521 790 2573 ad
807 2521 878 2573 oden
896 2532 1053 2594 sequentem
1071 2526 1118 2573 ubi
1133 2527 1265 2592 scripsit,·
1294 2521 1416 2592 Quidem
1430 2526 1473 2577 sis

141 2601 256 2664 doctus,
286 2615 348 2650 curn
377 2600 451 2652 hunc
471 2594 564 2652 locuni
584 2600 693 2669 legisset
713 2597 785 2670 apud
805 2616 850 2651 rne
870 2600 992 2654 Veneriis
1019 2614 1046 2652 et
1066 2603 1163 2665 sciret,
1188 2616 1232 2651 me
1250 2599 1302 2651 ires
1321 2613 1474 2652 commen-

139 2678 220 2727 tarios
242 2689 300 2724 turn
321 2675 475 2738 editurum,
496 2692 560 2726 curn
583 2671 747 2728 resedissem
769 2689 795 2724 et
816 2674 968 2736 limassernt
992 2673 1058 2729 xri.
1078 2688 1159 2745 csput
1178 2672 1242 2726 libri
1261 2676 1290 2726 2.
1312 2676 1408 2727 veriet.
1427 2671 1473 2725 ls-

137 2753 261 2802 ctionum
285 2767 395 2801 suarum
416 2768 448 2800 ex
469 2751 511 2801 iris
532 2754 713 2801 concinnavit.
754 2746 873 2800 Addidit
891 2749 1039 2815 Muretus,
1060 2745 1234 2813 mendacium
1256 2745 1473 2817 impudentissi-

138 2841 231 2889 mum,
259 2832 288 2874 et
309 2825 406 2894 paullo
428 2833 511 2893 post,
540 2824 650 2894 putando
675 2821 709 2873 tle
729 2822 796 2893 Gya
820 2829 884 2892 agit
903 2823 1056 2876 Lambinus
1081 2841 1118 2873 ea:
1138 2821 1328 2892 Apollodoro,
1357 2823 1473 2875 Emsis

138 2903 217 2948 variis
245 2899 420 2952 lectionibus.
460 2899 510 2951 Aa
533 2902 762 2951 commentarium
786 2903 817 2949 in
842 2898 887 2952 od.
906 2903 934 2956 5.
960 2899 1007 2952 lib.
1026 2902 1054 2956 lt.
1079 2898 1126 2948 ubi
1150 2897 1190 2948 aa
1207 2896 1296 2948 verba
1321 2895 1472 2948 laedentur

138 2972 223 3025 simili
244 2975 319 3043 prole
339 2975 443 3026 Catulli
462 2974 552 3026 locum
568 2972 697 3045 profem
721 2974 776 3026 hoc
794 2990 844 3043 ego
864 2989 1022 3027 notaveram
1042 2977 1071 3025 in
1092 2974 1170 3025 illurn
1190 2973 1285 3025 locum
1300 2969 1420 3030 euellit
1440 2976 1471 3022 et

139 3045 179 3096 ad
198 3050 280 3098 vitem
301 3050 411 3111 viduas,
433 3050 479 3099 ubi
498 3051 630 3102 similiter
642 3048 793 3103 Lambinus
812 3054 872 3114 ait,
891 3048 962 3100 alibi
980 3067 1010 3100 se
1030 3048 1136 3117 aliquot
1155 3064 1192 3096 ex
1212 3044 1324 3098 Catttllo
1343 3044 1472 3117 exempla

139 3129 311 3185 anatolem,
332 3123 482 3176 Muretus:
502 3143 516 3177 e
537 3131 604 3179 meis
626 3129 835 3178 commentariis
854 3138 980 3196 sumpts,
999 3122 1047 3176 nbi
1068 3123 1137 3174 haec
1157 3126 1250 3174 omnis
1270 3120 1369 3172 melius
1388 3135 1474 3190 qnsns

141 3198 188 3250 iric
212 3198 389 3259 explicantur.
434 3198 484 3250 Aa
508 3198 553 3252 orl.
578 3203 604 3257 9.
634 3216 691 3251 non
719 3199 904 3268 possidentem
931 3200 1036 3260 mults,
1065 3196 1163 3247 scribit
1187 3195 1320 3247 Muretus
1344 3190 1379 3245 de
1403 3193 1470 3260 illis,

139 3290 208 3339 quae
228 3270 267 3320 iln'
286 3271 377 3323 ds'xit:
407 3275 537 3327 Attidio
563 3274 618 3327 hoc
644 3278 768 3343 sumpsit.
807 3272 857 3323 Aa
874 3280 930 3325 sat.
953 3279 978 3328 t.
1009 3271 1055 3324 lib.
1081 3282 1105 3327 t.
1131 3271 1274 3325 demoveat
1295 3271 1373 3321 lucro
1392 3269 1472 3324 Var-

139 3352 219 3398 ronis
239 3353 327 3398 locum
347 3343 433 3417 affieri
453 3348 619 3415 Lambinus,
646 3347 796 3400 Mttretus:
823 3367 855 3399 ex
874 3365 918 3398 sne
939 3349 1021 3405 haec.
1046 3364 1103 3398 noa
1126 3365 1158 3398 ex
1178 3347 1301 3399 Varrone
1321 3348 1473 3418 sumpsisti,

139 3424 246 3495 gaudeo
267 3438 374 3487 autern,
395 3425 467 3493 qnod
491 3426 580 3477 locutu
601 3427 689 3484 bunc,
710 3427 750 3474 uti
770 3442 783 3472 r
804 3441 848 3476 rne
868 3439 960 3495 postes
975 3421 1132 3476 emendatus
1146 3437 1205 3489 est,
1226 3421 1276 3474 tibi
1292 3438 1348 3473 nnn
1361 3419 1472 3478 ostendi

139 3501 207 3563 «cui
230 3502 251 3548 si
273 3504 308 3550 sit
329 3516 413 3552 terrae
435 3498 550 3553 traditus
570 3500 658 3564 orbis,
686 3498 819 3550 Furuncio
841 3502 954 3551 tenten''
974 3515 1027 3551 ces.
1069 3496 1169 3548 Paullo
1179 3505 1246 3567 post
1265 3496 1313 3547 ubi
1331 3512 1386 3547 non
1405 3511 1469 3550 tuns

139 3575 192 3625 hoc
211 3576 309 3642 capiet,
333 3573 403 3626 «licit
415 3573 583 3625 Lambinus:
603 3574 648 3627 titi
669 3574 722 3624 hoc
742 3579 956 3644 interpretantur
976 3589 1087 3645 propter
1107 3572 1176 3637 hoe,
1198 3572 1244 3626 sed
1266 3577 1359 3625 minus
1379 3586 1470 3636 rects;

138 3648 288 3701 discretus:
307 3650 363 3717 Ego
384 3653 417 3702 ita
440 3652 489 3701 tibi
510 3656 704 3721 interpretatus
724 3664 801 3711 sunt,
822 3664 847 3700 et
869 3655 896 3701 in
916 3657 1048 3702 sententis
1069 3664 1174 3700 maneo.
1212 3646 1261 3698 Aa
1280 3665 1321 3716 ep.
1335 3651 1362 3700 2.
1382 3645 1430 3699 lib.
1443 3651 1472 3702 i.

139 3741 208 3788 quse
228 3741 257 3774 se
277 3724 454 3778 commendat
475 3740 552 3777 tonse
574 3742 635 3777 ente
649 3722 799 3775 Lambinus
811 3723 922 3775 Mureti
941 3722 1080 3794 quantulam
1093 3727 1353 3793 interpretationem
1366 3713 1471 3791 affert:

140 3796 288 3847 litteratus:
309 3815 449 3870 nttttquatn
470 3800 621 3870 quidquem
645 3799 788 3862 saladini,
810 3804 896 3851 immo
918 3806 945 3853 in
966 3803 1133 3852 contrariam
1156 3803 1322 3851 sententiam
1341 3796 1472 3867 disputa-

140 3889 228 3925 verstn
249 3874 433 3943 ‹pandriennio
453 3891 514 3926 astte
534 3883 561 3928 itt
582 3875 770 3927 Catilinsriss.
797 3903 830 3915 ·-
861 3871 890 3947 1)
910 3876 1023 3929 Parisiis
1051 3875 1080 3923 in
1108 3872 1219 3925 sedibus
1241 3873 1340 3925 itovtitt
1359 3876 1400 3922 sis
1422 3871 1472 3926 12-

140 3949 239 3999 colmes
262 3947 312 3999 sub
334 3955 409 4013 signo
424 3950 598 4003 Concordiae
613 3947 772 4002 tlittxvt.
792 3977 827 3989 -
846 3948 876 4022 2)
897 3950 1018 4015 (Addam
1032 3949 1091 4011 inc,
1113 3966 1183 4018 quae
1197 3951 1229 3999 de
1243 3947 1374 3999 Letnbino
1389 3944 1472 4003 ltsbet

140 4025 181 4076 lo.
201 4023 290 4076 iiten.
314 4024 500 4093 Heusingerus
528 4030 555 4076 in
579 4024 687 4076 dissert.
714 4020 747 4074 de
774 4028 878 4097 scripu.
899 4023 950 4078 Gr.
970 4040 996 4075 et
1016 4025 1076 4075 ins.
1095 4024 1217 4075 nondum
1239 4022 1272 4074 sd
1293 4036 1357 4073 vett.
1376 4036 1470 4076 sxern·

139 4096 259 4170 pierium
280 4097 361 4152 iidem
382 4099 547 4164 enuntiatis,
568 4106 596 4153 in
618 4105 692 4152 dctis
713 4096 774 4151 Soc.
796 4096 857 4153 Lst.
879 4100 938 4153 len.
960 4104 985 4154 1.
1008 4116 1035 4169 p·
1049 4100 1095 4156 53.
1117 4096 1302 4162 «Lambinus,
1322 4110 1384 4146 cum
1407 4095 1473 4165 piu-

138 4174 213 4226 ribus
232 4174 313 4226 libris
334 4179 447 4227 vetustis
467 4193 529 4227 usus
551 4189 634 4237 esset,
665 4188 728 4226 reto
749 4172 812 4225 inde
831 4174 936 4245 aliquid
955 4174 1135 4245 discrepantis
1155 4178 1307 4248 scripturae
1326 4169 1419 4223 sttulit
1438 4189 1472 4225 se

139 4263 219 4320 saepe
239 4253 338 4301 tacitus
358 4269 370 4299 a
392 4251 510 4319 vulgatis
531 4252 668 4311 discessit.
699 4261 729 4297 nt
754 4249 820 4316 quid
846 4268 879 4302 ex
903 4255 1075 4310 coniectura,
1103 4246 1171 4317 qnid
1198 4266 1229 4299 ex
1249 4244 1470 4298 membranarum

139 4329 308 4395 praescripto
328 4332 488 4387 mutaverit,
515 4342 596 4376 nemo
623 4323 704 4377 lncile
729 4320 853 4376 divinare
873 4329 969 4396 possit.
1009 4325 1084 4375 iisee
1103 4338 1184 4374 causa
1204 4339 1244 4374 est
1264 4320 1338 4391 quod
1359 4322 1389 4372 in
1409 4326 1470 4391 epi·

60 4422 63 4427 ·
138 4399 208 4451 stols
227 4398 348 4466 quadam
368 4416 383 4451 a
403 4401 526 4452 Frutetio
547 4416 675 4466 rogetur,
700 4407 746 4463 ut,
772 4417 841 4468 qttae
860 4404 967 4451 uetusti
985 4396 1088 4450 coelicis
1106 4400 1145 4447 sit
1165 4395 1266 4459 lectio,
1292 4412 1401 4464 semper
1418 4395 1470 4447 otl-

139 4482 249 4524 moneol
270 4480 479 4525 commentariis
497 4480 572 4538 suis,
589 4481 649 4525 siue
668 4492 701 4524 ea
721 4479 759 4525 sil
779 4491 852 4525 sana
871 4484 932 4526 sive
946 4480 1032 4525 etiam
1046 4477 1148 4521 insana
1167 4475 1228 4523 sive
1247 4476 1332 4521 etiarn
1352 4471 1471 4524 obseura

138 4556 167 4598 et
186 4554 344 4618 incognita.
383 4551 452 4604 Vide
468 4554 542 4603 Parci
564 4550 655 4601 salicta
672 4558 788 4619 patrum
807 4558 923 4601 senalus
942 4552 1051 4610 critici,
1075 4547 1171 4598 Plauto
1193 4552 1340 4616 praemissa
1361 4550 1468 4619 Cap?-

139 4643 166 4676 υ.
187 4629 226 4688 3.)
264 4628 314 4678 Cui
336 4625 454 4677 consilio
474 4631 497 4678 si
517 4626 748 4690 obtettrpernsset‚
770 4642 825 4677 non
847 4630 905 4678 iure
924 4639 1100 4690 argueretur,
1120 4621 1207 4672 libros
1226 4640 1260 4673 ae
1279 4622 1411 4674 lectiones
1429 4625 1468 4672 ci-

139 4706 202 4750 tare
221 4717 270 4750 nec
289 4709 418 4769 repertas
436 4700 504 4753 olibi
522 4719 571 4755 nec
583 4698 679 4772 fissile
698 4700 885 4769 reperiendos.
913 4701 997 4766 (Sunt
1017 4698 1097 4751 verbs
1119 4697 1173 4752 iac.
1187 4698 1322 4753 Gronovil
1341 4694 1469 4769 praefat.

140 4779 169 4827 ln
190 4773 260 4846 Opp.
281 4772 376 4847 Cle.)''
