3218 5310
681 270 920 337 HISTORIA.
1421 279 1461 344 59

128 436 197 501 pro
219 418 317 478 dotno
339 401 411 496 cap.
433 415 483 478 lb.
506 412 546 476 ita
570 412 688 497 inqrrit:
711 412 988 506 Horasortasse
1009 428 1112 479 sexta
1132 417 1202 482 diei
1223 432 1364 506 questus
1385 440 1463 485 111111

128 514 167 575 in
182 510 335 582 iudicio,
357 531 434 572 cum
449 512 487 573 C.
504 509 694 573 Antonium
712 511 880 591 collegam
900 530 1011 573 meum
1028 509 1268 603 defenderem,
1292 516 1463 600 quaedam

128 607 173 671 de
194 630 234 671 ra
249 605 404 691 publiea,
435 626 523 689 quae
548 605 633 667 milti
656 604 730 666 viso
753 613 834 666 stent
858 603 906 665 ad
933 605 1027 669 illius
1050 606 1167 671 miseri
1189 628 1331 672 causam
1349 609 1459 692 perti·

128 720 233 765 nem:
259 702 343 764 ltoec
363 699 518 764 ltomiaes
539 698 686 782 improbi
706 697 754 759 uel
774 697 942 781 quosdam
968 698 1060 762 viros
1069 697 1199 790 fortes
1218 704 1321 787 longe
1342 703 1457 779 aliter,

129 806 237 882 atptte
256 815 281 857 a
302 814 356 857 me
378 793 470 857 dicta
489 805 605 866 eraut,
629 792 836 854 <leitilamma
880 795 981 855 Horo
1000 813 1109 869 nona,
1143 795 1205 858 illo
1226 796 1302 879 ipso
1325 796 1398 872 die,
1423 808 1463 860 tu

128 911 168 955 ea
188 889 390 973 adamatae
434 887 518 951 Hinc
541 884 711 949 Suetonius
738 883 767 946 in
791 883 875 947 lulio
896 904 969 966 cap.
992 887 1065 949 20.;
1089 885 1250 952 Cicerone
1272 891 1307 952 ia
1332 889 1461 953 italicio

128 980 284 1069 9110111111
303 981 504 1065 deplorante
522 992 716 1062 temporum
738 988 886 1052 statum,
910 982 949 1043 P.
973 980 1150 1057 Clodiam,
1173 983 1351 1047 inimicum
1371 985 1457 1060 eius,

119 1074 277 1170 fnestra
303 1072 508 1157 iampridem
534 1094 558 1134 a
582 1070 743 1154 patribus
767 1071 815 1133 ad
832 1073 964 1154 plebem
986 1077 1138 1139 transire
1159 1077 1322 1141 nitentem
1342 1078 1461 1143 eodem

129 1170 189 1235 elie
216 1170 369 1254 ltoraque
397 1186 490 1230 aona
513 1166 687 1229 traduxit.
733 1165 878 1227 Transiit
898 1165 1031 1231 Clodius
1063 1173 1101 1232 ad
1128 1172 1253 1253 plebem
1276 1172 1460 1255 adoptione,

129 1284 215 1350 quae
244 1262 414 1344 irrogatio
443 1258 570 1324 dicitnr.
616 1263 798 1341 Adoptatus
827 1260 888 1323 init
918 1282 934 1323 a
965 1264 1006 1327 Ρ.
1034 1264 1194 1329 Fonteio:
1226 1276 1340 1329 contra
1368 1288 1460 1351 qttam

131 1358 339 1441 adoptionem
369 1353 489 1418 Cicero
517 1376 580 1437 pro
609 1356 705 1417 domo
734 1376 790 1416 stra
820 1353 968 1437 disputat.
1013 1358 1065 1420 De
1094 1360 1201 1422 cadem
1233 1362 1403 1424 Suetonius
1430 1360 1462 1424 iu

132 1449 273 1515 Tiberio
303 1468 374 1531 cap.
400 1450 454 1511 2.1
479 1452 518 1513 Ρ.
541 1448 683 1512 Clodius
709 1451 751 1513 ob
779 1451 1018 1534 expellendam
1047 1453 1136 1516 Urbe
1168 1454 1367 1518 Ciceronem
1389 1459 1463 1539 ple·

130 1545 211 1610 beia
237 1543 370 1607 bomini
396 1554 501 1628 atque
523 1544 629 1607 etiam
653 1557 739 1607 natu
765 1545 892 1608 minori
912 1538 948 1607 in
970 1546 1189 1628 adoptionem
1211 1570 1247 1610 se
1268 1549 1375 1613 dedit.
1421 1550 1459 1615 ln

130 1641 195 1703 bac
215 1636 388 1721 adoptione
410 1635 533 1702 Caesar
554 1639 656 1723 legem
680 1639 834 1702 curiatam
857 1638 945 1712 tulit,
971 1639 1145 1721 Pompeius
1166 1640 1198 1702 in
1223 1640 1365 1723 auspicio
1380 1643 1459 1716 luit3

128 1733 230 1817 epist.
248 1736 279 1795 l.
294 1743 326 1796 et
343 1732 394 1794 12.
411 1731 467 1794 lib.
485 1732 532 1795 11.
557 1735 596 1796 ad
612 1733 696 1808 Att.,
721 1735 759 1793 de
783 1735 913 1811 harusp.
930 1752 1017 1813 resp.
1033 1754 1104 1815 cap.
1122 1735 1175 1796 23.
1210 1734 1336 1797 'rullius
1351 1755 1460 1798 meuse

128 1826 244 1910 Aprili
264 1837 297 1890 et
318 1827 412 1890 Maio
434 1837 524 1888 extra
547 1828 667 1890 Urbem
691 1825 799 1899 Antii,
824 1826 854 1887 in
878 1825 1095 1906 Pompeiano,
1119 1826 1292 1890 Formiano
1316 1837 1347 1889 et
1362 1826 1463 1908 Arpi·

128 1921 200 1986 nati
221 1920 254 1984 in
275 1920 390 1984 litteris
407 1920 506 1983 vixit:
529 1920 634 2004 ibique
653 1919 818 1999 epistolam
839 1929 982 2003 quartam
1002 1930 1034 1980 et
1054 1931 1221 2002 sequentes
1234 1941 1336 2004 usque
1353 1922 1392 1981 ad
1410 1921 1462 1985 18.

129 2016 191 2079 lib.
215 2015 264 2079 11.
287 2016 326 2076 ad
348 2013 491 2076 Atticum
515 2015 608 2077 misit.
655 2012 766 2076 Attico
797 2013 909 2093 deinde
936 2013 966 2074 iu
997 2013 1132 2095 Epirum
1162 2014 1311 2096 prolecto
1343 2014 1462 2079 Cicero

130 2130 168 2175 se
188 2108 327 2173 Romam
351 2108 471 2189 recepit
499 2118 531 2170 et
559 2129 616 2183 ea,
651 2128 732 2191 qttae
763 2107 792 2168 in
822 2106 1026 2190 sentientibus
1053 2107 1196 2190 epistolis
1221 2110 1386 2192 leguntur,
1424 2111 1464 2172 ad

130 2203 278 2270 Atticum
301 2203 442 2285 scripsit.
487 2201 639 2268 Consiliis
662 2201 799 2283 publicis
822 2200 935 2274 nullis,
967 2212 1001 2263 ut
1023 2212 1071 2263 est
1092 2201 1187 2282 epist.
1211 2202 1287 2278 23.,
1311 2203 1464 2267 intererat

130 2308 302 2379 totttmquc
329 2319 364 2358 se
394 2300 432 2359 ad
462 2297 622 2361 forensem
654 2315 783 2376 operam
811 2298 1017 2379 laboremque
1047 2296 1253 2358 contulerat.¹
1299 2299 1382 2359 Tum
1416 2300 1462 2360 A.

131 2395 298 2457 Thermus
327 2392 376 2454 bis
407 2391 568 2456 Cicerone
591 2390 779 2453 defendente
808 2390 971 2452 absolutus
994 2400 1061 2463 cst;
1085 2411 1146 2471 pro
1169 2389 1287 2453 Flacco
1310 2410 1384 2473 cap.
1407 2389 1461 2455 39.

132 2489 221 2550 'l'um
251 2506 381 2570 qttoque
405 2487 447 2548 l..
472 2484 623 2547 Valerius
647 2485 799 2559 Flaccus,
835 2483 888 2569 qui
918 2505 959 2545 ex
986 2495 1153 2564 practura,
1185 2504 1279 2569 qnam
1301 2483 1463 2549 Cicerone

131 2579 267 2645 consule
290 2592 453 2663 gesserat,
480 2579 587 2643 Asiam
610 2576 831 2660 provinciam⁹
854 2576 1051 2655 obtinuerat,
1075 2598 1092 2639 a
1115 2577 1159 2642 D.
1177 2579 1290 2642 Laelio
1312 2589 1462 2663 repetun-

130 2678 244 2739 darutn
268 2685 451 2749 1111111111,
476 2695 491 2735 a
516 2672 560 2752 Q.
584 2670 762 2735 Hortensio
784 2682 815 2731 et
836 2670 888 2733 M.
912 2670 1072 2736 Cicerone
1094 2673 1241 2735 defensus
1263 2685 1322 2735 est.
1368 2672 1462 2737 Cice·

129 2769 223 2834 ronis
244 2768 351 2832 oratio
373 2779 496 2831 exstat:
520 2769 559 2830 dc
582 2765 749 2830 Hortensii
772 2763 957 2825 defensioue
981 2763 1052 2827 ride
1075 2765 1171 2847 epist.
1195 2767 1247 2830 25.
1270 2766 1327 2829 lib.
1350 2766 1399 2831 11.
1422 2767 1465 2827 ad

131 2870 208 2930 Att.
245 2864 322 2926 Hoc
344 2884 425 2925 anno
449 2864 489 2926 P.
506 2859 674 2934 Vatinius,
700 2857 755 2942 qni
776 2856 808 2918 in
830 2855 944 2919 Illonis
967 2858 1056 2920 libris
1079 2859 1169 2936 (Lib.
1186 2860 1390 2924 XXXVIIl.
1413 2862 1461 2938 (1.)

129 2952 461 3033 [1111111111’.111’1·1ος
481 2976 544 3017 nou
567 2957 634 3017 sine
651 2955 764 3015 mendo
781 2950 977 3028 nominatur,
1001 2952 1147 3014 tribunus
1165 2953 1213 3034 pl.
1231 2950 1362 3017 Caesari
1385 2974 1463 3016 con-

130 3050 195 3114 suli
217 3049 248 3113 in
271 3049 358 3115 omni
380 3071 415 3112 re
437 3051 611 3114 obsecutus
634 3059 680 3109 est
703 3067 802 3129 caque
825 3045 943 3129 gessit,
979 3067 1059 3130 quae
1082 3067 1098 3108 a
1123 3045 1281 3111 Cicerone
1311 3045 1343 3109 in
1364 3047 1462 3111 inter-

130 3145 304 3228 rogatione
325 3142 357 3204 in
381 3143 543 3205 Vatinium
573 3141 858 3222 reprehenduntur.
904 3142 996 3222 Lege
1021 3138 1150 3203 Vatinia
1175 3137 1306 3203 Caesari
1335 3143 1405 3205 data
1428 3140 1462 3204 in

131 3235 382 3325 quinquennium
406 3235 465 3297 luit
480 3234 584 3298 Gallia
609 3233 740 3297 citerior
763 3253 832 3294 cum
850 3231 982 3311 Illyrico
1006 3244 1036 3294 ct
1053 3233 1155 3295 tribus
1170 3233 1367 3317 legionibust
1393 3233 1465 3319 qui·

131 3332 194 3395 bua
201 3342 329 3394 senum
339 3328 475 3393 Galliam
486 3329 669 3391 ulteriorem
679 3350 749 3390 cum
759 3327 817 3389 alia
827 3326 954 3411 legione
964 3327 1095 3401 adiecit3
1112 3327 1176 3391 Dio
1189 3328 1243 3392 lib.
1254 3328 1465 3392 XXXVIII.

133 3426 342 3496 Plutarchus,
367 3422 537 3486 Suetonius
554 3424 584 3484 iu
601 3423 662 3485 lul.
679 3443 753 3503 cap.
771 3421 823 3482 22.
841 3433 871 3483 et
892 3421 1030 3484 Orosius
1044 3422 1100 3484 lib.
1119 3422 1183 3485 VI.
1200 3443 1272 3504 cap.
1291 3427 1322 3485 t.
1348 3422 1384 3485 111
1401 3422 1467 3484 boa

131 3517 273 3601 irnperio
294 3515 417 3581 Caesar
440 3514 626 3580 Ciceronem
650 3516 709 3578 sibi
733 3514 871 3593 legatum
896 3536 966 3578 esse
989 3516 1135 3590 volebat;
1160 3516 1217 3580 lib.
1241 3516 1290 3582 11.
1317 3519 1356 3579 ad
1381 3513 1465 3578 Atti-

134 3632 209 3677 cum
233 3611 329 3694 epist.
355 3612 405 3674 19.
430 3622 461 3673 et
483 3610 575 3693 epist.
608 3610 659 3672 18.
683 3612 717 3673 Α
738 3613 903 3684 Caesare,
934 3608 1055 3693 iuquit,
1086 3611 1183 3675 ualde
1205 3609 1392 3681 liberaliter
1410 3607 1464 3670 in·

131 3706 227 3770 nitor
249 3705 285 3767 in
303 3705 509 3788 legationem
530 3703 643 3777 illam,
667 3703 734 3765 sibi
753 3715 790 3764 ut
807 3703 873 3765 sim
889 3705 1044 3787 legatas:
1064 3714 1098 3767 et
1119 3706 1158 3767 dc
1178 3702 1354 3786 provinciis
1377 3720 1462 3763 coss.

133 3819 210 3883 cap.
227 3801 282 3861 17.
320 3802 402 3871 Me,
426 3811 464 3859 at
484 3797 548 3860 sibi
565 3817 671 3858 essem
687 3798 841 3880 legante,
866 3816 934 3859 noa
948 3798 1061 3859 solttm
1074 3798 1202 3872 sttasit,
1226 3792 1464 3859 verumetiam

134 3893 302 3979 rogarint
345 3890 470 3956 Consul
494 3889 612 3954 Cacsar
633 3890 721 3974 leges
745 3889 857 3952 mtrltas
885 3890 973 3965 tulit,
1004 3911 1087 3972 quae
1116 3890 1249 3971 abipso
1272 3887 1464 3951 luliaesnnt

132 4024 249 4070 11111111
266 4021 355 4073 11111,·
374 4021 452 4066 credits
472 4013 651 4065 damnatione
670 4009 841 4084 sepulchrum
860 4011 891 4066 L.
911 4011 1052 4064 Catilinae
1067 4013 1192 4086 floribus
1209 4020 1354 4078 ornatum,
1372 4013 1465 4068 bomt'.

133 4110 200 4145 nara
219 4089 470 4143 amarissimorum
488 4105 522 4140 ac
542 4087 755 4147 domesticorum
773 4084 895 4140 boatium
914 4096 1051 4140 conventa
1066 4089 1204 4162 epidispnc
1223 4087 1390 4142 celebratam
1409 4100 1462 4159 est,

135 4173 212 4221 arta
232 4166 373 4219 Calilt'nae
386 4163 477 4234 facta
495 4173 571 4216 situl.

174 4250 204 4308 ι)
225 4241 291 4309 Ego
311 4241 356 4295 M.
379 4241 494 4304 Bibulo,
517 4243 765 4311 praestantissima
785 4242 857 4302 civi,
885 4241 994 4292 concrete
1016 4237 1089 4291 nibil
1108 4244 1304 4308 praetermisi,
1329 4236 1464 4312 quitatum

129 4318 233 4390 secere
254 4321 374 4385 eaithae
389 4321 489 4386 potui,
508 4320 575 4386 qaia
593 4313 751 4386 Pompeium
769 4333 788 4366 a
807 4315 941 4367 Caesarie
959 4321 1151 4367 cantantium
1169 4331 1328 4371 evocarem.
1359 4320 1394 4371 ln
1410 4339 1463 4389 qno

136 4396 243 4448 Curat
253 4392 376 4464 felicior
385 4392 471 4464 jaitc
490 4397 549 4462 ipse
568 4393 640 4442 enim
660 4390 816 4461 Pompeiam
837 4408 855 4440 a
874 4408 935 4441 mea
948 4389 1159 4463 familiaritate
1171 4388 1305 4445 diirtnait.
1339 4394 1461 4469 Philipp,

172 4550 203 4611 2)
229 4544 266 4598 Et
286 4539 397 4614 quidem
419 4560 466 4614 per
489 4558 591 4595 annum
613 4557 698 4593 nuum
719 4539 871 4595 dumtaxat.
910 4541 968 4595 Cir.
988 4543 1172 4596 Garatonlum
1191 4540 1225 4594 ad
1245 4559 1302 4615 arg.
1323 4563 1394 4605 orat.
1414 4567 1463 4623 pro

138 4622 238 4674 Flacco
259 4633 359 4672 contra
378 4620 529 4672 Ferrarium
551 4617 603 4670 liae
624 4613 657 4669 de
678 4634 707 4669 re
727 4616 924 4690 disputantem.

174 4696 206 4770 5)
232 4694 275 4748 De
300 4693 439 4767 legatione
466 4698 519 4747 ista
545 4707 573 4745 et
601 4695 744 4749 XXvitatu
772 4707 899 4746 accurate
924 4691 1075 4766 disputarit
1102 4693 1228 4749 Taratall
1253 4694 1342 4769 Epist.
1372 4716 1397 4770 p.
1419 4702 1463 4757 Ab·

139 4772 225 4841 ,Bam
246 4773 345 4827 cicero
364 4783 380 4822 a
400 4770 517 4822 Caesare
536 4764 596 4834 sel,
624 4784 687 4820 cnm
709 4772 839 4841 petinet,
858 4772 1014 4842 impetrarit
1034 4768 1120 4840 (quod
1142 4771 1229 4826 multo
1251 4787 1292 4824 est
1312 4778 1464 4829 111111111-

139 4847 223 4918 uo),
240 4847 284 4901 111
303 4859 381 4899 reeta
401 4846 477 4898 nitro
496 4841 619 4897 oblatam
641 4840 777 4916 tcaput·
