3218 5310
539 258 634 323 PER
664 260 820 327 ANNOS
842 205 1057 327 DIGEUTA.

360 734 496 818 postero
514 730 566 798 die
591 750 678 798 nave
695 751 879 800 conscensa
896 736 1008 801 veniis
1025 735 1169 801 reiectus
1189 733 1232 800 ad
1249 734 1342 800 Leu-

361 829 528 911 copetram
551 829 806 910 promontorium
824 829 897 917 agri
914 826 1075 917 ltlregini,
1103 847 1176 898 cum
1196 826 1341 917 liheglni

265 932 268 937 ·
361 918 490 1007 quidam
518 918 626 985 Roma
651 922 826 997 venientes
848 938 890 987 ea
910 925 1119 1004 narrassent,
1145 938 1230 1007 quae
1251 938 1342 1006 spem

362 1015 512 1080 iacerent
528 1015 618 1097 iore,
640 1020 676 1078 ut
701 1014 871 1081 Antonius
897 1013 1032 1085 cederet
1061 1020 1095 1081 et
1118 1010 1272 1082 caesaris
1288 1017 1343 1082 in-

361 1107 560 1173 terfectores
580 1104 718 1172 Romam
739 1105 902 1195 redirent,
931 1102 1123 1174 Ciceronem
1148 1127 1229 1175 vero
1252 1108 1343 1174 desi-

361 1199 471 1266 dcrari
503 1203 554 1283 et,
586 1199 674 1287 quod
694 1198 785 1267 Urbe
809 1202 960 1288 abesset,
999 1205 1148 1268 accusari
1171 1203 1344 1284 dixissent,

1395 264 1453 327 tar

361 1295 577 1380 protectionis
606 1294 743 1361 consilio
786 1295 916 1360 abiecto
950 1294 1088 1360 Romam
1121 1300 1279 1381 properat
1312 1297 1343 1359 et
1442 1326 1445 1331 ·

362 1386 444 1472 prid.
469 1385 546 1452 Kal.
572 1382 667 1472 Sept.
692 1390 726 1452 in
762 1385 886 1455 Urbem
917 1391 1019 1455 venit.
1061 1389 1230 1454 Antonius
1250 1387 1344 1453 ¹Kal.

361 1477 456 1565 Sept.
484 1483 634 1547 senatum
662 1481 775 1547 lrabuit
809 1479 850 1546 de
879 1484 1176 1568 supplicationibus
1208 1477 1345 1549 Caesari

362 1572 592 1645 decernendis
634 1571 750 1642 Cicero
769 1577 802 1639 in
816 1579 966 1642 senatum
982 1595 1050 1641 non
1068 1577 1178 1662 venit,
1199 1575 1345 1640 tortasse

362 1672 510 1734 metuens
524 1666 574 1735 'ab
591 1669 741 1736 Antonio
756 1669 909 1757 iusidias,
931 1670 1017 1734 misit
1038 1673 1148 1735 tamen
1164 1667 1208 1734 ad
1230 1668 1345 1734 Anto-

363 1763 464 1845 nium,
486 1763 541 1848 qui
568 1763 599 1826 ei
625 1761 750 1830 diceret
767 1783 805 1829 se
828 1783 871 1829 ex
888 1765 946 1829 via
963 1763 1134 1852 languere.
1175 1762 1345 1828 Antonius

363 1857 395 1919 in
416 1859 536 1920 senatu
551 1854 652 1939 dixlt,
673 1858 736 1921 nisl
754 1859 901 1946 veniret,
933 1856 1049 1921 iahros
1063 1875 1099 1921 se
1117 1859 1288 1937 missurum
1311 1858 1344 1920 et

364 1947 490 2012 domum
516 1950 588 2013 cius
611 1947 878 2017 disturbaturum.
919 1946 1087 2015 Postridie
1108 1949 1258 2015 Antonio
1281 1950 1345 2013 ab·

400 2045 456 2106 nte
471 2037 590 2107 Cicero
604 2043 639 2106 ln
658 2046 808 2108 sonatum
823 2045 933 2128 venit,
955 2042 1133 2127 habuitque
1152 2044 1345 2127 orationem,

364 2153 447 2222 quae
483 2133 604 2200 dicitur
631 2132 832 2224 Philippica
855 2144 980 2224 primo.
1025 2133 1077 2203 0h
1107 2155 1203 2221 qrram
1230 2135 1346 2201 Anto-

364 2231 437 2293 nios
459 2230 510 2294 ira
546 2229 702 2295 incensus
728 2231 913 2295 inimicitias
941 2233 971 2295 ei
1001 2229 1172 2296 denuntiat
1209 2245 1346 2312 eumque

363 2340 393 2388 a
414 2321 446 2387 d.
461 2319 559 2387 Xlll.
577 2322 654 2389 Kal.
677 2320 751 2391 0ct.
772 2324 806 2388 in
834 2326 954 2389 senatu
978 2323 1097 2390 adesse
1123 2325 1224 2389 iubet.
1266 2325 1345 2408 lpse

364 2418 493 2483 intereo
508 2436 568 2503 per
588 2414 692 2484 XVll
715 2416 787 2483 dies
803 2420 838 2482 in
853 2418 1025 2484 'l'tburtlno
1047 2414 1216 2504 Scipionis
1229 2363 1357 2482 decla-i

364 2510 482 2575 mitaris
506 2509 684 2576 meditatus
710 2515 762 2577 est
790 2513 991 2597 orationem,
1020 2508 1239 2597 quam'Xlll.
1270 2507 1347 2574 Kal.

365 2600 440 2671 Uet.
460 2604 495 2667 in
519 2602 602 2669 aede
631 2600 838 2671 Concordiae
867 2608 986 2670 contra
1008 2599 1200 2670 Ciceronem
1221 2601 1344 2667 habuit.

363 2693 481 2765 Cicero
501 2698 534 2761 ln
552 2702 670 2763 senatu
683 2717 749 2762 non
770 2698 873 2781 alluit,
893 2702 982 2765 metu
1000 2696 1190 2763 insidiarum
1204 2697 1246 2762 ab
1263 2696 1344 2761 ami-

364 2793 413 2858 cis
449 2790 642 2876 prohibitas
697 2791 838 2859 Antonii
879 2811 963 2856 vero
1006 2793 1147 2857 orationi
1191 2791 1343 2875 opposuit

365 2882 598 2973 stuppeum
622 2887 823 2975 reouotdum,
857 2906 922 2951 non
946 2885 1090 2952 habitam
1112 2883 1258 2971 quidem,
1286 2881 1342 2948 sod

365 2982 411 3044 ita
436 2980 673 3063 conscriptam,
695 2980 788 3065 qnasi
804 2997 876 3044 eam
890 2978 989 3047 Xlll.
1002 2979 1078 3046 Kal.
1093 2975 1168 3046 Uet.
1188 2979 1222 3042 in
1245 2995 1344 3063 prae·

365 3074 491 3137 sentem
510 3070 690 3137 Antonium
708 3069 887 3138 habuisset.
915 3071 1082 3138 Extremis
1099 3070 1256 3140 (ictohrls
1272 3069 1343 3136 dle-

367 3167 428 3230 bus
458 3167 492 3229 et
517 3183 628 3230 mense
651 3164 831 3231 Novembri
862 3161 980 3233 Cicero
1008 3166 1226 3233 Puteolanum
1253 3183 1341 3229 sunm

366 3262 560 3344 ceterasque
575 3259 674 3323 uillas
692 3257 761 3323 obit
788 3259 955 3344 librosque
987 3261 1029 3324 de
1053 3255 1188 3345 Officiis
1209 3258 1343 3343 perlicit.

367 3353 501 3417 Interim
519 3351 688 3417 Antonius
705 3351 782 3418 vii.
797 3351 848 3417 ld.
875 3349 950 3420 cet.
968 3353 1098 3418 obviam
1118 3354 1180 3416 ivit
1201 3350 1343 3441 legioni-

366 3446 428 3511 bus
446 3449 603 3530 quattuor
625 3463 644 3510 e
669 3444 872 3512 Macedonia
896 3444 1112 3513 redeuntibus
1139 3465 1261 3534 easque
1284 3447 1342 3513 sibl

366 3538 542 3606 conciliare
560 3538 696 3604 studuit.
737 3538 946 3605 Brundisium
972 3544 1066 3606 venit
1091 3541 1168 3608 vii.
1195 3541 1245 3608 ld.
1272 3540 1344 3609 Uct.

367 3630 529 3700 Octavius
550 3636 676 3713 autem,
705 3633 798 3720 sive,
828 3636 866 3698 ut
880 3629 1036 3701 Caesaris
1053 3633 1238 3701 hereditate
1256 3634 1344 3700 adita

367 3727 616 3812 nominabatur,
641 3722 775 3793 Caesar
796 3722 1026 3817 Octaviorum,
1055 3732 1235 3796 ueteranos
1257 3726 1344 3795 Coe-

367 3822 452 3886 saris
478 3821 619 3905 excivit,
654 3820 828 3906 multisque
860 3820 934 3885 aliis
963 3820 1199 3888 accedentibus
1226 3825 1342 3887 iustum

368 3916 547 3981 exercitum
574 3915 750 3979 contraxit.
802 3912 919 3978 Paullo
944 3920 1021 4000 post
1045 3916 1196 4006 legiones
1219 3914 1344 3981 Martia

368 4012 401 4075 et
417 4005 546 4089 Quarta
567 4005 747 4072 Antonium
769 4008 972 4093 reliquerunt
998 4013 1032 4074 et
1053 4009 1096 4076 sd
1125 4010 1343 4079 Octavianum

367 4102 579 4168 transierunt.
624 4098 697 4182 Quo
721 4103 836 4166 nuntio
862 4103 964 4168 allato
988 4104 1157 4170 Antonius
1188 4121 1260 4171 cura
1287 4119 1344 4165 se·

368 4198 479 4261 notum
505 4198 539 4258 io
564 4191 761 4278 Capitolium
785 4213 814 4261 a.
836 4195 868 4260 d.
889 4196 946 4263 lV.
974 4196 1050 4264 Kal.
1075 4199 1155 4262 lieo.
1180 4199 1343 4282 vocasset,

367 4288 467 4355 valde
484 4289 659 4375 perculsus
682 4289 856 4355 confestim
880 4294 1029 4357 senatum
1053 4290 1172 4355 dimisit
1195 4293 1229 4355 ct
1247 4291 1344 4375 palu·

368 4383 466 4449 datns
488 4384 520 4447 in
550 4380 691 4449 Galliam
713 4384 898 4450 citeriorem
921 4384 1081 4450 discessit.
1109 4384 1190 4449 lieo.
1221 4383 1345 4448 Brutus

368 4481 476 4544 auten
497 4475 637 4543 edictum
664 4480 853 4563 proposuit,
886 4496 1009 4562 quase
1036 4478 1239 4561 provinciam
1261 4479 1344 4545 Gal-

368 4572 443 4637 liam
461 4573 495 4635 in
517 4567 554 4636 S.
572 4569 609 4634 P.
625 4567 665 4651 U.
681 4568 723 4635 h.
743 4575 911 4656 potestate
934 4574 1137 4635 retenturum
1162 4573 1344 4657 polliceba-

370 4670 432 4730 tur.
472 4660 591 4732 Clcero
612 4663 654 4730 V.
672 4663 721 4729 ld.
743 4664 824 4730 lice.
842 4662 886 4729 ad
907 4660 1029 4728 Urbem
1044 4662 1157 4750 rediit,
1178 4684 1250 4735 cnm
1267 4669 1344 4733 novi

370 4757 491 4825 tribuni
510 4754 701 4823 xi11.1toi.
725 4757 795 4823 lan.
817 4758 965 4823 senatum
988 4763 1245 4850 convocassent,
1274 4763 1344 4847 ipsc
