3218 5310
668 208 907 324 ursionis.
1228 238 1233 245 '
1401 264 1440 327 ⁶1

119 395 228 461 tioium
243 416 316 480 cap.
334 397 386 458 14.
402 394 458 459 ait.
494 395 572 461 Piso
589 406 619 460 et
634 397 789 463 Gabinius
804 412 875 465 stant
889 401 953 464 diro
968 397 1101 477 irruenti,
1125 420 1190 464 non
1205 405 1369 479 consules,
1389 406 1445 467 sed

119 494 260 559 latrones
283 501 377 576 atque
399 510 569 555 eversores
591 491 637 555 rei
654 493 821 575 publicae,
846 490 927 578 q'uos
942 493 1007 557 suis
1021 494 1187 559 coloribus
1203 495 1320 562 Cicero
1337 498 1443 561 multis

119 586 199 651 locis
214 583 378 668 depinxit:
402 584 490 678 ut'iu
513 596 596 649 orat.
619 598 694 669 post
715 588 847 650 reditum
870 610 944 671 caps
959 589 1006 663 4.,
1031 609 1093 671 pro
1108 591 1203 654 domo
1225 612 1297 674 cap.
1311 593 1357 668 9.,
1382 613 1446 676 pro

119 678 227 747 tutin
241 699 315 764 cap.
331 680 364 742 l.
380 699 484 763 seqq„
499 680 538 741 de
552 680 726 761 provinciis
741 702 826 745 coss.
843 702 915 765 cap.
932 683 964 746 3.
984 704 1090 766 seqq,
1105 681 1138 746 in
1153 683 1305 749 Pisonem
1321 706 1393 768 cap.
1410 687 1445 749 4.

119 794 212 859 seqq.
243 783 276 836 et
302 770 389 836 alibi.
434 773 496 835 His
522 774 706 837 consulibus
736 774 935 850 sedentibus,·
971 776 1218 858 inspectantibus
1247 790 1343 865 atque
1364 782 1445 843 adeo

119 865 364 943 adiuvantibus,
388 866 439 931 M.
454 864 597 943 Trrllius,
621 880 832 933 consecrator
846 870 987 952 patriae,
1013 892 1029 933 a
1051 871 1292 939 sceleratissimo
1314 873 1448 939 tribuno.

119 962 207 1049 plela.
229 960 262 1026 in
283 960 428 1025 exsilium
451 960 570 1024 eiectus
585 975 645 1025 cst.
675 961 810 1029 Clodius
826 964 924 1043 enim,
946 977 982 1029 ut
996 965 1062 1031 Dio
1078 966 1135 1030 lih.
1150 966 1365 1043 XXXVIII,
1391 968 1445 1031 13.

119 1056 248 1134 ambit,
281 1076 415 1138 sperans
442 1054 537 1119 lacile
564 1077 598 1119 se
625 1054 814 1121 Ciceronem
845 1080 1095 1140 oppressurum,
1128 1058 1156 1123 si
1178 1057 1268 1143 peius
1289 1072 1443 1137 senatum,

119 1150 244 1239 equites
265 1161 298 1215 et
317 1151 444 1234 plebem
466 1149 529 1213 sihi
549 1150 766 1229 conciliasset,
786 1165 943 1237 quattuor
959 1153 1066 1238 leges,
1089 1153 1263 1237 populares
1285 1153 1354 1218 illas
1375 1154 1447 1239 qui·

119 1248 210 1324 dem,
243 1248 300 1312 aed
328 1245 377 1311 rei
406 1244 551 1327 publicae
572 1243 785 1326 perniciosas,
815 1244 906 1311 initio
928 1247 1020 1310 husius
1042 1247 1133 1323 anni,
1164 1248 1252 1331 quod
1273 1245 1393 1311 Cicero
1414 1248 1445 1311 in

119 1340 273 1405 Pisonem
303 1360 377 1422 cap.
401 1341 434 1401 4.
463 1360 534 1422 seq.
565 1339 740 1423 significat,
776 1341 885 1404 tulit¹:
918 1363 1009 1404 atnam
1039 1354 1073 1405 ut
1100 1341 1292 1406 frumentum
1320 1341 1446 1425 populo

119 1434 223 1521 gratis
246 1436 394 1509 daretnr3
425 1432 572 1509 alteram,
595 1455 636 1497 ne
658 1433 727 1516 quis
749 1455 809 1517 per
830 1456 886 1498 eos
908 1434 992 1512 dies,
1017 1436 1224 1522 quibuscum
1247 1437 1369 1519 populo
1392 1434 1447 1522 agi

119 1526 250 1605 liceret,
284 1529 324 1591 de
351 1526 441 1590 caelo
470 1539 633 1602 serraret3
664 1527 787 1591 tertiam
816 1531 854 1593 de
884 1529 1028 1614 collegiis
1055 1529 1259 1595 restituendis
1288 1530 1446 1616 novisque

119 1621 334 1697 itastitnendis3
356 1631 521 1705 quartam,
543 1642 583 1684 ne
605 1641 698 1705 quem
721 1643 872 1687 censores
893 1624 923 1688 in
946 1637 1055 1689 senatu
1078 1625 1213 1710 legendo
1235 1624 1446 1707 praeterirent

119 1736 199 1781 neve
221 1736 285 1801 qua
307 1712 481 1800 ignominia
501 1715 682 1791 afficerent,
707 1716 766 1781 nisi
788 1718 842 1801 qui
864 1719 947 1800 apud
969 1739 1025 1780 eos
1046 1729 1212 1781 accersatus
1233 1728 1266 1781 et
1282 1717 1447 1796 utriusque

119 1810 264 1875 emotis
283 1808 438 1873 sententis
461 1810 623 1873 damnatus
646 1821 740 1874 esset.
784 1812 875 1874 Haec
897 1809 1058 1875 Asconius
1078 1810 1110 1874 in
1133 1810 1354 1885 Pisonianam,
1379 1811 1445 1874 Dio

119 1905 190 1972 labe.
212 1902 423 1968 XXXVIII.
446 1914 478 1966 et
500 1903 620 1970 Cicero
641 1904 771 1987 passim.
807 1904 897 1967 Alias
919 1904 1031 1967 deinde
1051 1903 1240 1989 rogationes
1260 1901 1342 1966 idem
1365 1900 1446 1967 Clo·

119 1999 187 2077 diaes
208 2018 276 2063 uno
298 2000 474 2083 eodemque
497 2010 642 2080 tempore
664 1997 900 2080 promulgavit;
923 2019 1013 2060 atnam
1034 1999 1073 2079 de
1087 1994 1264 2079 provinciis
1279 1996 1444 2061 consulum

119 2090 321 2167 commatice,
351 2092 481 2155 alteram
509 2095 549 2155 de
572 2090 740 2157 Ciceronis
769 2089 924 2173 pernicie,
958 2099 991 2151 ut
1017 2088 1059 2151 ait
1081 2110 1143 2171 pro
1166 2089 1271 2154 Sestio
1299 2110 1373 2171 cap.
1398 2090 1450 2158 10.

119 2186 241 2251 Pactus
269 2183 352 2248 enim
381 2206 451 2247 cum
479 2185 662 2250 consulibus
701 2182 839 2249 Gabinio
868 2182 1011 2262 Syriam,
1049 2184 1267 2264 Babylonem,
1305 2184 1442 2261 Persas,

119 2276 231 2344 Piso'ai
246 2277 417 2354 Achaiam,
443 2269 657 2352 Thessaliam,
683 2275 867 2354 Graeciam,
893 2277 1113 2340 Macedoniam
1130 2297 1320 2361 omnemque
1335 2277 1444 2340 Boeo·

119 2372 192 2437 tiam
221 2372 326 2447 dedit3
357 2371 475 2438 Cicero
498 2375 537 2435 de
559 2370 735 2454 provinciis
756 2391 842 2434 coss.
865 2379 898 2432 et
918 2369 949 2433 in
972 2368 1038 2432 aliis
1062 2369 1275 2434 orationibus.
1320 2369 1446 2436 anci·

119 2467 246 2533 cerceis
268 2466 438 2549 perniciem
461 2467 514 2529 lex
536 2467 586 2530 ills
609 2466 802 2549 pertinebat,
825 2486 886 2548 qua
908 2464 997 2528 tulit:
1020 2465 1090 2549 Qui
1107 2465 1213 2528 ciuem
1228 2469 1330 2531 Rom.
1348 2465 1445 2530 inde-

119 2572 276 2625 mnatum
304 2554 551 2637 interemisset,
583 2558 616 2623 ei
636 2580 729 2644 aqua
748 2572 781 2623 et
806 2558 882 2644 igni
903 2559 1183 2623 interdiceretur.-
1214 2559 1313 2623 enius
1335 2560 1445 2624 verbis

119 2656 184 2721 etsi
197 2674 269 2720 non
283 2656 527 2720 nominabatur·
538 2655 670 2730 Cicero,
693 2667 807 2717 temen
822 2645 918 2718 solus
928 2652 1121 2737 petebatur,
1143 2651 1245 2737 inquit
1257 2654 1445 2718 Patet-culus

119 2749 173 2813 lib.
180 2749 231 2813 II.
244 2750 379 2831 capla.
401 2748 554 2833 Idemque
567 2748 680 2812 scribit
691 2745 758 2811 Dio
770 2747 826 2810 lib.
835 2748 1043 2821 XXXVIII,
1059 2749 1110 2810 14.
1127 2758 1222 2831 atque
1235 2747 1445 2811 idcirco'Tul·

119 2842 178 2907 liaa
193 2843 260 2906 hoe
269 2841 491 2927 priuilegium
505 2842 656 2925 appellat.
693 2839 779 2903 Vide
800 2851 883 2904 orat.
903 2861 966 2922 pro
982 2843 1077 2906 domo
1098 2863 1171 2923 cap.
1188 2843 1241 2903 14.
1279 2841 1367 2904 Reus
1381 2862 1445 2925 tgr

119 2950 169 3001 tet·
190 2934 330 3010 Cicero,
357 2947 392 2998 ut
414 2937 607 3000 Plutarchus
628 2959 658 2998 c.
681 2936 735 2998 3⁰.
758 2934 885 3009 scribit,
917 2945 1036 2998 vestem
1059 2935 1193 2997 mutavit
1212 2944 1243 2997 et
1264 2935 1444 2999 sordidatus

119 3031 243 3114 populo
264 3031 469 3113 supplicavit.
514 3031 597 3092 'run
620 3028 753 3095 Clodius
774 3029 820 3094 illi
843 3014 988 3093 omnihus
1012 3027 1089 3092 vicis
1112 3028 1324 3107 occurrebat,
1345 3029 1445 3113 stipa·

119 3138 167 3191 uas
196 3124 379 3191 hominibus
408 3123 646 3189 contumeliosis
674 3135 706 3188 et
731 3121 929 3187 temerariisa
963 3121 1019 3208 qui
1040 3122 1219 3205 petulanter
1240 3122 1444 3188 mutationem

119 3220 215 3285 restis
237 3229 269 3282 et
290 3218 430 3281 habitum
447 3216 613 3283 Ciceronis
636 3215 832 3300 exagitantes
854 3213 1023 3300 multisque
1044 3215 1124 3277 locis
1146 3216 1214 3279 luto
1236 3226 1269 3278 et
1287 3215 1445 3300 lapidibus

119 3314 149 3378 ita
182 3334 257 3377 enm
290 3311 444 3377 coniectis
475 3310 725 3394 supplicationes
753 3307 981 3391 impediebant.
1040 3306 1121 3373 Ciam
1152 3307 1312 3375 Cicerone
1341 3324 1443 3405 tamen

119 3406 256 3492 primum
279 3406 469 3470 omniafere
491 3407 573 3471 ordo
597 3417 746 3488 equester
769 3415 885 3466 vestem
908 3400 1060 3466 innatavit:
1094 3422 1229 3487 eumque
1257 3404 1444 3470 nobilissimi

119 3500 356 3573 adolescentes,
380 3519 513 3562 nramero
536 3502 576 3561 ad
595 3499 677 3562 XX.
701 3496 802 3572 milia,
825 3495 996 3573 sordidati,
1021 3499 1248 3579 deprecatores
1271 3498 1338 3563 eius
1360 3501 1445 3563 salu·

119 3597 160 3661 tis
179 3594 427 3660 comitabantur.
477 3593 599 3657 Deinde
620 3614 692 3655 cum
714 3602 841 3654 senatus
862 3591 1013 3675 frequens
1041 3591 1243 3656 convenisset
1271 3604 1302 3656 et
1322 3604 1444 3657 vestem

119 3700 279 3772 tanquam
300 3686 333 3751 in
354 3687 485 3771 publico
507 3688 593 3752 luctu
615 3688 792 3749 mutandam
820 3696 982 3762 censeret,
1012 3683 1107 3768 idque
1126 3686 1276 3751 consules
1298 3696 1446 3749 vetarent

119 3794 148 3848 et
169 3781 308 3849 Clodius
329 3804 398 3845 cnm
422 3781 517 3846 armis
538 3784 577 3845 ad
599 3781 719 3845 curiam
742 3790 946 3853 versaretur,
968 3790 1132 3844 senatores
1153 3801 1217 3844 non
1239 3778 1333 3864 pauci
1354 3799 1372 3842 e
1393 3801 1445 3843 sc-

119 3887 190 3941 aatn
222 3874 365 3939 restibus
392 3874 531 3938 discissis
561 3884 593 3939 et
614 3874 753 3937 clamore
774 3873 900 3936 sublato
930 3893 965 3937 se
986 3872 1228 3956 proripuerunt.
1279 3875 1443 3939 Hactenus

119 3971 323 4037 Plutarchus.
353 3969 420 4035 Dio
441 3968 495 4036 lib.
509 3967 725 4042 XXXVIII,
750 3967 802 4031 lb.
823 3966 937 4044 tradit,
960 3966 1082 4050 equites
1102 3967 1136 4031 in
1152 3965 1347 4048 Capitolium
1370 3977 1444 4029 tnnc

119 4062 306 4128 convenisse
333 4075 427 4146 atque
446 4065 495 4125 'ad
522 4061 671 4126 consules
699 4073 732 4124 et
760 4072 900 4124 senatum
924 4060 1045 4125 misisse
1067 4062 1193 4146 legatos
1214 4081 1277 4123 non
1300 4060 1402 4123 solnm
1426 4082 1444 4125 a

119 4178 173 4224 stan
195 4155 328 4235 ordine,
354 4178 463 4221 versam
486 4157 576 4220 etiam
599 4166 764 4220 senatores
785 4156 884 4231 duos,
909 4154 953 4236 Q.
975 4156 1184 4219 Hortensium
1208 4165 1239 4217 et
1263 4151 1304 4218 C.
1324 4151 1445 4220 Curio·

119 4272 207 4328 aem,
231 4251 287 4335 qui
301 4272 363 4333 pro
379 4249 537 4316 Cicerone
553 4251 813 4333 deprecarentur.
851 4250 942 4314 Unde
959 4249 1077 4316 Ciccro
1099 4269 1160 4333 pro
1177 4247 1281 4312 Sestio
1303 4270 1375 4332 cap.
1390 4251 1442 4314 11.

119 4343 176 4410 ait:
201 4347 290 4412 Cum
311 4344 517 4409 incredibilis
538 4345 574 4409 iu
596 4342 805 4428 Capitolium
826 4344 1009 4408 multitudo
1031 4366 1079 4408 ea·
1099 4353 1175 4406 tota
1197 4343 1287 4407 Urbe
1306 4355 1444 4407 cuncta·

119 4462 180 4525 pate
196 4440 306 4507 Italia
323 4440 551 4514 convenisset,
573 4449 701 4502 uestem
717 4438 919 4501 masadam
933 4458 1050 4501 omnes
1065 4458 1183 4522 meque
1201 4435 1295 4500 omni
1309 4436 1444 4501 mione

119 4532 376 4625 dffendendum
391 4544 575 4619 putarunt.
618 4532 700 4597 Erat
721 4541 787 4595 tum
809 4543 935 4596 senatus
955 4531 987 4594 in
1010 4532 1086 4593 aede
1107 4529 1307 4615 Concordiae
1330 4542 1361 4594 et
1376 4531 1443 4594 Ga-

121 4625 237 4691 biainra
267 4627 453 4705 consulem,
483 4626 604 4692 Pisone
631 4627 779 4704 abseme,
810 4628 937 4691 orabat.
979 4622 1116 4709 Equites
1137 4646 1267 4710 quoque
1287 4625 1387 4689 Rom.
1411 4632 1444 4687 et

156 4824 187 4889 1)
207 4816 267 4877 cta.
286 4818 429 4879 aaaron
447 4820 500 4896 Bp.
518 4816 554 4875 ad
572 4816 779 4876 Mtddletoncara
796 4836 824 4894 p.
843 4818 890 4881 66.
