3218 5310
265 274 519 342 MEMORAB.
543 273 642 339 vlu.
666 268 757 337 cle.
780 270 874 336 PER
894 271 1007 337 ANN.
1029 268 1128 337 nlo.
1294 272 1355 335 111

83 506 126 557 uti
155 505 229 557 Ante

83 580 127 633 .C.
155 575 229 631 GN.

83 758 128 828 52
153 754 232 824 102
255 744 352 809 Coss.
397 746 435 809 0.
456 740 600 809 Murius
621 744 705 821 IV„
727 746 772 826 Q.
796 742 958 807 Ltuusius
978 743 1134 809 curdus.
1299 754 1323 820 5

298 856 339 921 C.
354 855 483 919 Marius
498 858 666 919 Teutonos
687 866 719 919 et
735 857 920 919 Ambroues
941 857 981 919 sd
1003 874 1101 939 squas
1115 853 1241 919 Sextias

254 971 357 1033 prope
372 949 548 1013 Massiliam
572 948 680 1013 uincit.
700 978 741 993 -
759 947 918 1013 Antonius
937 959 1050 1013 orator
1067 946 1240 1013 maritimos

253 1045 433 1127 praedones
449 1040 667 1128 persequitur.
702 1041 839 1105 Archias
856 1044 956 1125 poe‘ta
971 1043 1106 1107 Romam
1127 1042 1241 1106 renit.¹

83 1198 129 1267 10
153 1194 228 1265 101
254 1183 350 1251 Coss.
392 1187 432 1250 0.
454 1182 597 1249 Murius
620 1184 686 1258 V..
710 1184 778 1248 Μ’.
799 1180 972 1267 Aquilius.

290 1294 1240 1381 M'.Aquiliuscos.adversusfugitivosinSieilinmmissus,

253 1393 339 1465 belin
367 1390 496 1465 servili,
529 1388 711 1455 Athenione
737 1392 816 1454 drrce
838 1389 1026 1467 interiecto,
1061 1391 1154 1455 finem
1185 1392 1243 1453 im·

253 1484 355 1569 pouit.
401 1486 544 1567 Propter
563 1483 656 1548 huius
677 1483 753 1547 belli
785 1482 967 1547 memoriam
989 1484 1089 1562 idern,
1132 1505 1242 1549 cums

253 1582 297 1643 L.
319 1579 418 1643 Fufio
447 1582 485 1641 de
514 1577 698 1661 repetundis
725 1588 887 1641 accusatus
914 1589 1015 1656 esset,
1055 1580 1243 1643 defendente

254 1672 415 1749 Antonio,
447 1676 610 1738 absolutus
640 1684 701 1737 est.
727 1706 769 1719 —
794 1668 837 1735 C.
861 1669 986 1735 Marius
1007 1692 1078 1735 cos.
1103 1692 1174 1735 cum
1197 1672 1240 1752 Q.

255 1767 386 1831 Lutatio
408 1766 526 1833 Catulo
555 1786 688 1849 procos.
712 1762 865 1829 Cimbros
890 1766 931 1827 ad
953 1765 1090 1828 Athesin
1111 1765 1242 1829 fluvium

254 1859 382 1943 proelio
406 1860 515 1924 vineit.

83 2012 131 2080 14
154 2009 233 2079 100
255 1998 352 2065 Coss.
396 2004 435 2066 C.
459 1999 602 2065 Murius
626 2004 705 2076 Vt..
729 2005 771 2064 I..
796 1998 957 2063 Valerius
978 2003 1131 2064 flaccus

297 2116 340 2177 1..
367 2112 520 2196 Appuleii
540 2113 701 2177 Saturnini
721 2113 800 2175 trib.
819 2111 867 2194 pi.
888 2122 919 2175 et
941 2111 983 2176 C.
999 2110 1128 2176 Servilii
1143 2110 1242 2174 Glau-

254 2205 320 2270 ciae
342 2206 477 2281 seditio;
500 2218 633 2291 uterque
654 2204 856 2269 interficitur.
900 2206 934 2269 Is
957 2206 1000 2287 Q.
1016 2206 1153 2269 Metello
1172 2205 1242 2266 Nu-

254 2299 382 2376 midico,
402 2303 491 2385 quod
502 2299 532 2363 in
544 2298 611 2365 cius
623 2299 725 2383 legem
739 2298 896 2384 agrariam
911 2298 1017 2363 iurare
1031 2299 1144 2375 nollet,
1161 2296 1243 2360 deun

254 2393 349 2470 dixit,
374 2394 430 2479 spu
451 2397 531 2459 urbe
555 2394 662 2458 ruaiuit
685 2414 778 2478 quam
799 2394 955 2458 sententia
975 2395 1144 2459 decedere.

83 2548 128 2633 ⁵⁶.
167 2540 221 2612 99
255 2532 353 2599 Coss.
377 2538 432 2600 M.
449 2534 622 2601 Antonius
636 2536 794 2613 (orator),
814 2534 861 2599 A.
874 2532 1073 2599 Postumius
1083 2534 1243 2599 Albinus.
1302 2543 1327 2608 0

296 2648 339 2727 Q.
362 2647 517 2710 Metellus
547 2646 732 2711 Numidicus
757 2645 926 2735 rogatione
952 2647 997 2728 Q.
1024 2646 1138 2712 Calidii
1162 2645 1242 2709 trib.

252 2741 299 2823 pl.
322 2740 354 2804 in
376 2740 535 2803 civitatem
555 2741 749 2805 restituitur.

83 2886 127 2960 bb
163 2888 219 2959 98
254 2880 352 2947 00⁵⁵·
396 2885 440 2965 Q·
462 2882 599 2947 Caelius
619 2882 783 2947 Meteilus
805 2884 943 2966 Nepos,
969 2884 1013 2946 Τ.
1037 2880 1177 2946 Didius.
1301 2882 1329 2956 9

295 2996 370 3057 Lex
388 2992 527 3059 Caecilia
544 2993 655 3071 Didia,
679 3015 742 3079 qua
761 2993 910 3058 iubentur
930 2994 1019 3078 leges
1039 3014 1100 3076 per
1121 2992 1243 3056 triuun·

254 3087 359 3150 diuum
381 3087 583 3173 promulgari
602 3098 633 3151 et
654 3098 786 3151 cavetur
812 3090 851 3152 de
874 3090 995 3151 duehus
1024 3098 1079 3150 ant
1098 3085 1243 3169 pluribus

255 3185 350 3246 rebus
372 3203 437 3247 oon
460 3204 521 3247 nna
542 3184 615 3269 lege
638 3182 868 3267 coniungendis
901 3185 959 3260 (ne
987 3182 1058 3268 quis
1078 3203 1137 3264 per
1159 3191 1246 3245 satu·

255 3298 321 3339 rem
341 3277 469 3353 i'erret).

83 3426 127 3494 b?
167 3422 219 3492 97
256 3415 353 3480 Coss.
382 3420 443 3483 Cn.
461 3417 640 3483 Cornelius
654 3420 840 3494 Lentrdus,
860 3420 899 3482 Ρ.
917 3416 1068 3482 Licinius
1083 3419 1244 3482 Croesum
1285 3417 1337 3490 10

297 3528 459 3594 Censores
493 3532 536 3593 L.
571 3529 722 3595 Valerius
757 3530 891 3594 Flaccus
931 3541 962 3593 et
999 3530 1053 3595 M.
1082 3527 1246 3594 Antonius

256 3636 369 3688 orator
390 3624 522 3687 lustrum
544 3624 677 3688 faciunt.

83 3775 127 3841 58
167 3768 221 3839 96
256 3762 353 3828 Coss.
384 3768 445 3875 Cp.
461 3764 639 3831 Domitius
653 3764 919 3843 Ahenobarbus,
943 3767 981 3830 G.
999 3764 1141 3831 cassinus
1154 3769 1246 3831 Lou-
1286 3767 1331 3834 11

407 3880 499 3923 mus.

299 3880 503 4036 Ptolegmaeus
518 3972 646 4055 Apion,
670 3994 730 4037 rex
746 3971 961 4053 Cyrenarum,
983 3982 1169 4037 testamento
1186 3990 1245 4053 po·

258 4065 364 4147 pulu-
388 4066 567 4129 Romanum
590 4067 740 4131 heredem
760 4065 870 4133 iacit..

83 4210 129 4281 19
170 4208 223 4279 95
260 4201 356 4269 Coss.
398 4209 440 4270 L.
460 4205 616 4269 Licinius
634 4209 799 4286 Crassus,
821 4210 865 4293 Q.
885 4207 1028 4275 Murices
1048 4208 1222 4271 Scaeuola.
1287 4206 1338 4275 12

301 4318 374 4380 Lex
397 4316 520 4382 Licinia
542 4317 672 4398 Mucia,
705 4320 768 4385 lata
796 4321 835 4383 de
865 4318 1011 4396 civitate,
1041 4339 1081 4382 ne
1110 4317 1180 4403 quis
1207 4316 1246 4381 sit

258 4430 320 4492 pro
341 4410 430 4490 cive,
461 4412 516 4495 qui
538 4432 602 4477 uon
623 4412 666 4483 sit
685 4414 782 4492 ciuis,
812 4412 986 4499 praecipua
1013 4412 1089 4478 helii
1111 4412 1248 4479 Marsici

260 4525 366 4569 carisa.

83 4647 134 4719 80
173 4647 228 4718 94
260 4642 359 4710 Coss.
383 4646 422 4709 C.
435 4646 571 4712 Coelius
584 4650 725 4727 Caldus,
740 4652 784 4716 L.
799 4648 976 4719 Domitius
989 4650 1248 4717 Airenoburbeu.
1288 4647 1338 4717 ts

298 4842 328 4905 1)
346 4854 398 4908 pro
416 4836 520 4891 Archia
539 4842 568 4898 5.
