3218 5310
611 251 663 312 Μ.
689 250 850 314 TULLII
873 247 1124 314 CICERONIS

333 420 434 481 Anno
453 418 550 481 Urbis
570 421 779 484 DCLXXII.
803 420 978 483 Ciceronis
996 422 1127 482 XXVI.
1147 439 1234 481 coss.
1242 416 1402 509 sinerent

202 562 249 634 M.
279 561 499 637 TULLIUS
533 562 752 657 DECULA,
791 562 868 635 CN.
898 562 1180 638 CORNELIUS
1217 561 1529 638 DOLABELLA.

183 708 186 715 ¹
284 718 335 781 De
355 717 401 778 his
420 718 737 782 consulimus-Cicero
759 731 842 782 orat.
861 720 909 782 Il.
928 740 1000 800 cap.
1018 721 1070 780 tt.
1090 730 1201 781 contra
1222 718 1373 781 Rullum:
1397 719 1439 782 de
1456 721 1532 804 qui-

198 815 260 876 bus
278 813 460 875 vendendis
483 816 518 877 S.
538 817 575 877 C.
585 811 697 902 facta
715 826 795 876 sunt
813 817 867 877 M.
891 814 1023 885 Tullio,
1044 817 1105 878 Cn.
1125 807 1284 878 Cornelio
1300 817 1397 880 Coss.
1440 816 1529 879 Sulla

52 930 76 963 .·
93 918 96 923 “
180 901 338 970 'dictator
356 911 417 972 boc
436 918 581 988 tempore
601 909 722 990 legibus
744 908 835 971 novis
850 906 1055 988 reipublicae
1071 920 1183 969 statum
1197 907 1412 984 confirmarit,
1435 921 1468 971 ut
1482 920 1532 972 est

202 1001 383 1084 in'cpitoma
396 1001 738 1065 LiriauaLXXXIX.
763 1004 963 1082 Recuperata
974 1023 1009 1064 re
1024 1001 1150 1083 publiea
1165 1014 1196 1064 et
1210 1002 1334 1087 legibus
1344 1014 1438 1087 atque
1450 1002 1531 1066 iudi·

201 1097 256 1158 eiis
276 1097 471 1170 constitutis,
502 1096 619 1160 Cicero
641 1099 679 1156 ad
697 1117 805 1158 causas
825 1107 856 1157 et
873 1097 1012 1177 privatas
1030 1108 1060 1158 et
1080 1096 1220 1176 publicas
1243 1098 1329 1160 adire
1346 1096 1470 1180 eoepit,
1497 1097 1529 1160 in

202 1193 321 1265 Bruto,
347 1214 418 1272 cap.
443 1192 496 1253 90.
543 1191 655 1273 ltaque
683 1190 731 1253 bis
753 1190 953 1262 consulibus,
986 1202 1019 1251 ut
1045 1191 1166 1252 Gellius
1191 1191 1245 1252 lib.
1269 1192 1349 1254 XV.
1376 1212 1448 1272 cap.
1472 1191 1525 1255 28.

198 1284 323 1356 scribit,
349 1287 401 1347 M.
422 1284 540 1348 Cicero
559 1307 683 1347 eausam
702 1285 855 1365 privatam
877 1305 937 1364 pro
956 1284 1085 1361 Quintio
1106 1285 1189 1363 apud
1207 1284 1380 1367 Aquillium
1397 1285 1525 1348 Gallum

197 1377 330 1441 iudicem
349 1377 455 1442 dixit.¹
495 1381 668 1441 Praeterea
693 1379 722 1439 iu
740 1378 868 1440 Eusebii
883 1376 1048 1440 Clarouieo
1065 1375 1105 1438 ita
1127 1378 1261 1460 legitur:
1284 1381 1418 1444 XXVI.
1433 1401 1526 1443 anno

195 1473 321 1535 aetatis
347 1474 465 1537 Cicero
491 1475 671 1557 Quintium
693 1470 863 1562 defendit.
919 1472 1004 1533 Idem
1031 1471 1237 1552 cognoscitur
1261 1492 1299 1533 ex
1321 1472 1389 1554 ipsa
1413 1495 1526 1537 causae

198 1567 416 1649 expositione,
449 1590 528 1650 quae
553 1568 621 1629 talis
648 1581 713 1630 est:
753 1570 830 1629 Sex.
856 1564 994 1627 Naevius
1018 1576 1088 1626 ante
1113 1564 1289 1638 biennium,
1323 1566 1473 1649 Scipione
1494 1579 1527 1630 et

199 1663 353 1724 Norbano
377 1684 481 1734 coss„
507 1685 576 1724 eum
602 1664 642 1726 P.
663 1661 810 1742 Quintius
830 1660 914 1742 prid.
936 1659 1010 1721 Ila-l.
1032 1659 1129 1722 Febr.
1152 1657 1181 1719 iu
1204 1660 1338 1722 Galliam
1360 1662 1527 1742 profectus

166 1819 169 1824 ,
198 1767 298 1826 esset,
324 1777 339 1816 a
360 1758 399 1819 P.
415 1757 573 1820 Burrieno
589 1768 737 1839 praetore
755 1754 987 1838 possessiouem
1007 1755 1165 1815 bonorum
1180 1755 1319 1832 Quintil,
1344 1777 1360 1816 a
1382 1778 1447 1840 quo
1464 1755 1525 1820 sibi

194 1847 358 1929 pecuniam
391 1850 500 1912 deberi
530 1862 561 1912 et
588 1850 798 1913 vadimonium
822 1852 981 1911 desertum
1012 1847 1153 1922 dicebat,
1186 1869 1227 1908 ex
1255 1847 1358 1910 edicto
1382 1850 1525 1930 postula·

195 1942 259 2004 vite
289 1943 400 2005 missus
425 1943 454 2006 in
481 1945 713 2026 possessionem
738 1943 896 2015 Naevius,
928 1963 999 2003 cum
1024 1941 1108 2004 bona
1133 1943 1273 2004 absentis
1304 1941 1425 2023 Quintii
1458 1944 1525 2009 dies

195 2037 311 2098 XXX.
336 2039 546 2118 possedisset,
574 2061 609 2101 ea
633 2037 794 2119 proscribi
814 2037 913 2098 iussit.
955 2039 1038 2097 'sum
1058 2036 1135 2097 Sex.
1157 2035 1308 2111 Alfenus,
1333 2050 1527 2118 procurator

194 2129 331 2208 Quintil,
357 2131 533 2193 auctionem
552 2132 701 2213 impedire
719 2145 867 2206 conatur,
899 2151 995 2212 seque
1017 2141 1159 2211 parsurm
1182 2151 1250 2192 esse
1274 2130 1388 2194 iudieIo
1412 2134 1526 2194 absen-

193 2233 253 2283 tem
273 2224 444 2287 defendere
463 2227 646 2305 profitetur.
693 2225 831 2287 Naevius
851 2225 1008 2304 postulat,
1040 2234 1073 2284 ut
1094 2222 1229 2284 Alfenus
1253 2224 1420 2287 iudicatum
1440 2225 1526 2288 solvi

192 2316 341 2378 satisdet:
378 2322 465 2399 quod
495 2340 565 2381 eum
591 2321 641 2380 ille
670 2331 831 2380 recusaret
860 2339 961 2399 eoque
991 2317 1116 2379 nornine
1144 2319 1290 2381 tribunos
1312 2321 1522 2400 appellasset,

192 2410 358 2485 convenit,
384 2423 418 2472 ut
438 2412 523 2476 ldib.
547 2416 728 2495 Septembr.
745 2412 905 2490 Quintium
926 2411 993 2474 sisti
1010 2411 1144 2474 Alfenus
1167 2413 1380 2493 promitteret.
1424 2414 1524 2477 Venit

191 2504 327 2568 Romam
350 2505 496 2585 Quintius
519 2510 559 2568 ad
583 2507 805 2569 vadimonium.
854 2509 992 2570 Naevius
1016 2527 1128 2567 anuum
1156 2517 1187 2568 et
1210 2528 1268 2568 sex
1294 2528 1433 2583 meuses,
1458 2509 1523 2571 hoe
1559 2583 1563 2593 1

193 2611 258 2671 est,
284 2600 322 2660 ab
343 2599 453 2661 Idibus
471 2603 651 2682 Septembr.
668 2601 816 2682 Scipione
834 2614 864 2663 et
884 2603 1040 2664 Norbano
1060 2621 1145 2662 coss.
1169 2603 1326 2684 usquead
1346 2603 1419 2665 Idus
1431 2602 1525 2664 Mar-

189 2692 246 2754 tias
266 2692 356 2752 Imius
377 2693 467 2765 anui,
493 2695 566 2756 nihil
586 2697 676 2776 petit.
723 2697 805 2756 'l'um
826 2699 946 2756 deuuuu
969 2695 999 2756 in
1019 2693 1066 2755 ius
1086 2707 1213 2756 ventum
1234 2697 1271 2756 ad
1294 2696 1348 2757 P.²
1367 2695 1522 2758 Dolabel-

189 2786 250 2848 lam
271 2799 469 2866 praetorem3
494 2789 537 2849 ibi
552 2790 689 2852 Naevius
708 2788 809 2870 petiit,
837 2801 869 2849 ut
886 2787 1032 2867 Quintius
1053 2787 1220 2850 iudicatum
1236 2788 1319 2851 solvi
1334 2788 1519 2852 satisdaret:

189 2882 276 2962 qarod
295 2903 364 2942 cum
383 2881 409 2944 is
428 2895 608 2965 recusaret,
634 2884 803 2947 Dolabella
823 2881 982 2956 decrerit,
1007 2894 1041 2944 ut
1057 2881 1205 2962 Quintius
1220 2897 1271 2946 aut
1284 2883 1450 2946 satisdaret
1467 2895 1521 2947 atat

193 2974 398 3057 sponsionem
420 2978 559 3051 faceret,
586 2980 628 3041 Ni
649 2982 732 3041 bona
755 3000 808 3039 sua
831 2999 871 3039 ex
890 2975 994 3038 edicto
1014 2997 1159 3056 possessa
1180 2998 1244 3038 uon
1262 2988 1380 3041 essent.
1419 2979 1523 3060 Spon-

189 3071 279 3132 sionc
302 3070 385 3131 lacta
411 3071 451 3135 C.
473 3073 634 3155 Aquillius
662 3073 756 3134 iudex
779 3074 868 3133 datus
895 3082 960 3132 est:
993 3070 1077 3150 apud
1097 3090 1187 3151 qtrem
1209 3069 1327 3133 Cicero
1347 3072 1520 3148 contendit,

190 3163 311 3242 Quintii
330 3167 412 3226 bona
434 3188 472 3227 cx
493 3169 596 3230 edicto
613 3191 627 3229 a
643 3167 766 3230 Naevio
785 3187 932 3246 possessa
954 3184 1016 3226 nou
1037 3185 1117 3226 esse.
1158 3163 1258 3226 Vides
1277 3164 1377 3248 igitur
1396 3177 1520 3249 aperte,

190 3257 311 3337 Quintii
337 3281 461 3320 earrsaru
484 3263 546 3323 hoe
570 3285 651 3324 atino
675 3284 690 3322 a
711 3262 761 3323 M.
783 3260 892 3323 'I'ulli0
911 3260 1068 3320 defensam
1096 3280 1163 3320 esse
1184 3271 1257 3338 post
1276 3260 1520 3325 tumularias.

192 3354 269 3414 b'am
289 3354 376 3433 qrrrrd
395 3351 513 3415 Cicero
535 3356 575 3416 ait
600 3378 664 3416 rem
685 3353 815 3416 iacuisse
838 3353 870 3414 iu
895 3352 1126 3416 controversiis
1146 3352 1321 3426 biennium,
1353 3366 1519 3418 oratorum

191 3466 279 3508 more
298 3444 379 3506 elate
398 3446 513 3508 dictruu
534 3462 598 3511 est:
628 3450 700 3511 etsi
721 3449 790 3531 quis
812 3449 887 3510 velit
903 3445 1064 3511 calumniis
1085 3446 1199 3510 Naevii
1219 3469 1287 3509 rem
1308 3449 1342 3509 iu*
1360 3449 1519 3512 biennium

192 3541 314 3599 ductam
346 3539 460 3613 luisse,
491 3545 554 3604 hoc
577 3543 700 3625 quidem
725 3554 810 3604 certe
835 3563 942 3604 omues
973 3540 1067 3603 fateri
1095 3561 1221 3603 neeesse
1246 3554 1308 3612 est,
1341 3554 1415 3624 post
1441 3543 1518 3607 Idus

193 3637 305 3714 Sept„
334 3654 413 3716 orme
434 3634 494 3695 hoe
514 3655 613 3708 aratro,
642 3657 703 3699 nou
726 3657 806 3720 «prae
823 3636 910 3697 Sulla
928 3648 958 3697 et
975 3636 1109 3698 IlIeteIlo
1129 3657 1214 3698 coss.
1234 3657 1317 3699 anno
1333 3635 1520 3718 insequente

188 3729 335 3799 luerunt,
360 3731 406 3804 (ut
423 3726 588 3789 Corradus
610 3752 661 3792 res
685 3729 791 3793 neseio
812 3751 890 3810 qum
909 3751 1005 3814 agens
1021 3727 1160 3810 scripsit)
1185 3731 1263 3789 bane
1278 3749 1402 3791 eattsam
1418 3742 1518 3792 aetam

192 3843 273 3883 esse.
306 3823 401 3900 Quod
422 3844 497 3883 sero
519 3836 549 3883 et
567 3823 732 3886 Corradus
759 3824 908 3904 opinatur
936 3835 966 3885 et
986 3846 1047 3885 nou
1070 3844 1162 3886 neruo
1181 3823 1330 3896 affirmat,
1355 3823 1519 3902 Quintium

193 3917 353 3997 deleusruu
380 3928 451 3996 post
477 3906 662 3977 dictatorem
686 3917 820 3992 Sullam,
845 3920 991 4000 eoquod
1018 3916 1137 3980 Cicero
1160 3915 1263 3990 dieat,
1287 3916 1413 3981 Emisti
1430 3917 1521 3979 bona

190 4011 273 4070 Sex.
298 4008 424 4096 Alfeni
455 4014 494 4071 L.
519 4012 615 4072 Sulla
641 4010 809 4072 dictatore
835 4012 1013 4081 seruirent&
1051 4011 1120 4071 leve
1145 4012 1312 4073 admodum
1337 4024 1397 4074 est.
1450 4010 1520 4074 Cur

192 4102 272 4163 euim
296 4104 325 4164 iu
345 4103 460 4166 iudicio
480 4103 606 4185 prinmo
627 4106 688 4165 boe
710 4105 815 4187 eloqui
834 4126 926 4164 ausus
947 4125 1008 4175 uon
1032 4102 1164 4166 suisset?
1187 4116 1239 4164 aut
1253 4103 1322 4189 quis
1346 4106 1521 4186 praestabit

193 4197 230 4254 ab
256 4197 438 4258 oratoribus
459 4198 561 4260 oruuia
582 4197 664 4259 dicta
688 4200 738 4260 vel
759 4221 797 4260 eo
828 4201 922 4259 modo
942 4211 1009 4259 aeta
1030 4197 1146 4272 luisse,
1178 4221 1241 4281 quo
1268 4190 1381 4281 postea
1400 4199 1520 4282 scripta

193 4301 266 4350 suut
289 4301 318 4349 et
342 4292 444 4354 edita?

278 4384 364 4444 Sulla
391 4387 546 4450 dictatore
571 4385 689 4451 Cicero
715 4385 828 4448 iterum
854 4409 888 4448 se
912 4385 1057 4461 Moloni,
1089 4386 1143 4472 qui
1170 4387 1292 4470 legatus
1316 4389 1355 4449 ad
1376 4401 1518 4452 senatum

231 4573 259 4634 t)
279 4566 353 4620 Alias
374 4573 428 4619 iarn
451 4586 512 4622 ante
533 4574 715 4638 Quintianam
736 4587 829 4622 causas
850 4572 1013 4627 aCieerone
1035 4586 1109 4625 actas
1130 4590 1187 4625 erse
1208 4588 1284 4646 patet
1304 4591 1337 4626 cx
1357 4575 1388 4628 C.
1405 4584 1431 4632 1.
1453 4579 1476 4642 ᾗ.
1491 4576 1519 4633 b.

192 4649 251 4698 ita.
273 4643 346 4711 proed
363 4645 428 4694 rniln'
447 4651 590 4696 certauerit
613 4653 639 4698 iu
662 4652 758 4699 «eteris
777 4653 865 4700 causis
884 4668 943 4700 csse
955 4645 1130 4713 adiumento,
1150 4650 1181 4698 id
1198 4667 1300 4718 petoque
1317 4655 1346 4701 in
1365 4649 1417 4702 boe
1430 4669 1517 4703 earesn

192 4719 297 4790 desint.
334 4720 372 4771 De
395 4735 518 4791 ternpore
533 4720 612 4773 huius
629 4738 655 4774 et
670 4728 819 4779 Rosctanrn
837 4729 970 4779 orationis
988 4719 1038 4775 cIr.
1054 4728 1137 4778 eriam
1158 4725 1309 4778 Ferrarium
1329 4725 1398 4799 Epp.
1413 4745 1441 4801 p.
1456 4733 1522 4787 252.

232 4811 261 4868 ‘.')
283 4807 332 4856 Cn.
354 4819 452 4858 avocant
475 4805 612 4858 rnettorer.
652 4811 742 4862 (laos.
