3218 5310
682 275 927 383 ttts'tottts.
1418 272 1456 340 91

129 420 229 503 fidei
253 419 470 497 commissas,
502 430 539 484 ut
568 422 664 483 heres
692 419 832 483 relictus
840 463 849 496 ,
881 418 1049 484 seruabat.
1095 418 1169 482 Non
1196 428 1264 480 erat
1287 414 1404 483 Cicero
1428 430 1463 481 ut

132 520 228 581 heres
258 515 388 579 relictus
417 536 517 597 neqtte
547 516 701 576 sccundus
724 516 835 588 heres,
869 526 901 575 nt
925 512 1088 578 Corradus
1110 511 1238 576 scribit:
1271 513 1327 573 sed
1349 510 1463 575 Publi-

134 612 197 675 lius
217 608 287 674 sive
311 608 476 690 Popilius¹
499 608 636 671 tatoricns
661 606 847 671 Ciceronem
863 608 1023 671 'laeredem
1056 605 1235 672 instituerat
1265 618 1297 669 et
1320 624 1460 689 rogave·

132 716 204 781 rat,
229 716 263 768 ut
283 702 486 766 hereditatem
510 704 656 764 redderet
677 722 751 763 snae
773 701 867 764 hliac.
912 701 1102 765 Huiusmodi
1127 704 1276 764 heredem
1297 698 1463 761 fideicom-

135 795 314 860 missorium
338 794 399 858 diei
421 818 437 857 a
460 794 708 869 iurisconsultis,
737 795 827 857 ctiam
851 794 880 857 in
905 794 1037 857 Graecis
1059 791 1225 857 Iustiniani
1247 791 1463 857 Constitutio-

135 890 248 965 nibus,
277 902 386 953 notum
409 902 455 951 est
475 889 531 965 iis,
564 890 616 974 spu
641 888 740 950 libros
762 887 834 950 illos
858 909 921 950 non
945 899 1167 969 aspernantur.
1212 886 1266 949 Sic
1289 888 1330 950 P.
1354 883 1461 947 Sexti·

135 984 199 1047 lius
224 982 349 1058 Rulns,
378 984 471 1045 heres
495 1004 511 1046 a
536 982 578 1061 Q.
602 982 725 1046 Fabi0²
748 981 843 1044 Gallo
869 981 1023 1061 scriptus,
1048 993 1180 1067 rogatus
1204 980 1281 1056 tait,
1307 993 1340 1043 ut
1361 978 1461 1043 oannis

134 1074 295 1139 hereditas
317 1076 356 1137 ad
378 1074 471 1138 liliam
496 1075 694 1158 pervenirem
719 1086 752 1137 ut
771 1086 817 1136 cst
839 1074 896 1137 lib.
915 1075 962 1138 ll.
984 1097 1055 1156 cap.
1074 1080 1128 1137 tt.
1153 1076 1191 1137 de
1209 1074 1353 1137 Finibus.
1389 1074 1461 1135 Vc·

135 1192 208 1234 rum
238 1172 277 1232 ad
305 1168 494 1231 institutum.
546 1167 683 1231 Calenus
721 1174 804 1251 apud
833 1168 968 1231 Dionem
999 1170 1055 1233 lib.
1084 1168 1223 1246 XLVI,
1255 1168 1307 1231 18.
1338 1164 1381 1230 ait
1409 1165 1462 1228 M.

137 1263 280 1327 Tullium
302 1276 412 1327 exacta
437 1274 537 1326 aetate
559 1262 712 1345 virginem
736 1262 882 1334 diruisse,
909 1258 964 1329 iia
987 1264 1021 1329 ir.
1043 1264 1100 1343 τῆς
1121 1258 1237 1341 οὐσίας
1257 1262 1461 1345 δανείσματα

136 1352 295 1439 aiacrior,
317 1370 355 1419 att
377 1358 469 1420 illius
478 1356 717 1448 fucrdlutiltus
736 1379 772 1419 se
793 1378 873 1419 aare
891 1356 1003 1419 alieno
1025 1357 1198 1420 liberaret.
1245 1356 1457 1437 Quintilianus

129 1450 196 1514 lib.
219 1430 284 1515 Vl.
307 1472 377 1533 cap.
400 1452 437 1525 3,
464 1454 534 1513 tin:
558 1451 677 1515 Cicero
699 1449 975 1533 ultiurguntibus‚
997 1450 1089 1533 qtaorl
1109 1449 1366 1534 sexagenarius
1389 1452 1456 1514 Ρα-

137 1544 269 1607 bliliam
290 1544 458 1627 uirginem
479 1544 656 1619 struxisset,
680 1548 766 1607 Cras
788 1543 910 1606 mulier
932 1544 1015 1617 crit,
1040 1545 1162 1629 inquit.
1208 1545 1284 1608 Lib.
1306 1546 1391 1610 XII.
1422 1544 1464 1607 ad

134 1640 207 1705 Att.
230 1638 281 1703 32.
304 1638 440 1701 Publilia
463 1638 657 1712 nominatur,
691 1659 781 1721 quam
808 1640 975 1699 secundam
1000 1635 1166 1701 Ciceronis
1198 1660 1332 1702 irrorent
1356 1636 1457 1701 fuisse

135 1730 280 1797 homines
310 1734 396 1796 docti
423 1732 588 1796 allirmant.
633 1733 682 1796 De
711 1732 758 1794 his
788 1730 903 1813 ttttptiis
930 1754 999 1792 eum
1032 1730 1181 1795 Ciceroni
1211 1731 1273 1795 Cn.
1307 1731 1458 1795 Plancius

135 1827 317 1913 gratulatus
344 1838 444 1905 essct,
477 1828 593 1892 Cicero
621 1824 661 1888 ita
692 1826 852 1907 respondit
881 1822 975 1907 epist.
1002 1826 1053 1885 tt.
1083 1824 1140 1887 lib.
1164 1826 1229 1888 lv.
1262 1826 1301 1885 ad
1325 1824 1460 1887 Fatnil.:

133 1920 239 2003 Quod
260 1920 345 1983 nailri
364 1922 406 1983 ele
429 1944 488 1995 en,
512 1922 605 2005 qnod
625 1919 772 2005 egerint,
797 1918 1007 2001 gratularis,
1031 1930 1064 1979 le
1086 1917 1137 1980 ita
1157 1920 1240 1981 atelle
1260 1928 1354 1979 cerlo
1377 1915 1461 1979 seio.

133 2014 204 2079 Sed
221 2036 288 2099 ego
309 2028 382 2077 tatu
404 2014 530 2078 misero
554 2027 706 2098 ternpore
736 2012 823 2074 niltil
850 2010 929 2075 ιιαύἱ
955 2010 1090 2073 consilii
1115 2012 1298 2095 cepissem,
1328 2010 1397 2073 nisi
1424 2008 1462 2072 t'rt

132 2108 250 2171 realilu
272 2130 348 2171 tneo
369 2108 474 2171 nihilo
496 2108 654 2171 meliores
674 2130 728 2170 res
748 2108 952 2170 aletmeslieus
982 2126 1086 2189 parurn
1107 2128 1180 2168 rem
1203 2105 1375 2189 publicam
1401 2100 1462 2193 df·

120 2200 348 2293 sendissem,
373 2214 490 2266 cetera.
536 2206 610 2265 Non
630 2202 670 2264 ita
688 2202 785 2263 sumto
804 2213 896 2282 post,
921 2222 1013 2283 quam
1030 2197 1147 2262 Cicero
1172 2198 1339 2263 Publiliam
1364 2201 1463 2260 dttxe·

132 2308 203 2371 rat,
229 2296 333 2359 'l'ullia
357 2296 417 2357 lilia
441 2298 524 2377 apud
549 2296 717 2357 lamtulum
742 2294 868 2376 pariens
890 2294 1040 2365 decessit,
1079 2307 1110 2355 ut
1134 2293 1325 2357 Plutarchus
1351 2288 1463 2354 scribit
1530 2306 1533 2311 ’

132 2412 164 2453 e.
189 2394 243 2453 ll.
290 2390 450 2452 sisennius
474 2412 603 2473 spirisque
627 2390 656 2450 in
683 2390 832 2451 Pisonem
854 2386 1035 2471 (princip.)
1065 2388 1160 2449 liliam
1187 2385 1355 2451 Ciceronis
1378 2385 1461 2467 apud

131 2484 176 2549 l’.
202 2484 371 2546 Lentulum
400 2505 438 2545 cx
466 2496 557 2564 ,tactu
584 2483 753 2544 decessisse
776 2483 830 2546 ait.
877 2484 1018 2565 Propter
1042 2482 1168 2545 'stilliae
1192 2493 1316 2564 partiam
1343 2479 1461 2544 Cicero

132 2597 168 2639 se
190 2576 316 2641 Romae
342 2576 444 2639 teucri
471 2574 559 2638 initio
586 2576 659 2639 belli
688 2576 905 2659 llispanicnsis
934 2576 1046 2641 scribit
1068 2579 1106 2638 ad
1130 2578 1263 2660 Leptam
1286 2573 1381 2657 epist.
1407 2574 1459 2635 18.

132 2668 191 2733 tib.
212 2670 278 2734 Vl.
300 2672 339 2733 ad
355 2672 445 2733 Fam.
487 2670 660 2745 Lentulus,
686 2674 770 2751 apml
792 2692 882 2753 quem
905 2670 1009 2733 'l'ullia
1032 2670 1182 2740 decessit,
1208 2680 1255 2731 cst
1274 2669 1317 2732 P.
1336 2666 1461 2730 Corne-

134 2762 197 2827 lius
220 2762 410 2839 Dolabella,
434 2762 489 2849 qrti
510 2786 580 2827 cum
604 2764 743 2828 Caesare
767 2764 797 2827 in
822 2766 973 2846 llispania
997 2776 1083 2837 erat3
1118 2772 1152 2824 ut
1174 2759 1292 2827 Cicero
1315 2761 1458 2843 Philipp.

134 2856 186 2921 ll.
217 2879 289 2941 cap.
314 2858 366 2921 30.
398 2871 428 2921 et
458 2857 661 2941 epistolarum
692 2861 730 2920 ad
751 2858 893 2923 Attietun
925 2858 980 2921 lib.
1004 2857 1105 2921 Xlll.
1135 2856 1299 2920 ostendit.³
1348 2854 1461 2938 Itaque

146 2986 361 3001 ψ

172 3042 202 3104 1)
222 3042 320 3093 Verior
337 3046 473 3112 scriptura
494 3058 535 3094 est
557 3042 698 3096 Pulltttas.

168 3122 200 3179 2)
222 3118 336 3169 Rectius
358 3116 452 3168 litatio.

168 3196 201 3257 5>
223 3194 265 3243 tie
283 3206 343 3243 rota
364 3197 415 3243 ista
437 3212 465 3244 ra
485 3198 551 3245 satis
570 3193 686 3246 obscura
706 3192 758 3247 cfr.
780 3210 886 3265 praeter
906 3193 1066 3247 Middleton
1087 3198 1140 3247 l'it.
1162 3194 1225 3247 Cie.
1243 3194 1278 3249 T.
1302 3202 1328 3255 5.
1350 3214 1377 3266 p.
1398 3202 1462 3255 218.
1556 3190 1559 3195 ⁵

131 3272 249 3339 interpr.
271 3267 384 3321 Seidct.
410 3269 546 3321 't'unsrnlL
574 3289 600 3343 p.
623 3276 683 3327 182.
706 3288 771 3340 seqq
821 3270 974 3321 Videndum
1002 3287 1061 3334 est,
1086 3274 1219 3323 Asconius
1243 3270 1461 3343 Plutarcbuaque

130 3346 263 3395 dicamne
282 3340 403 3393 Tulliam
424 3342 587 3409 decessisse,
614 3364 674 3395 cum
694 3344 805 3397 Lentrdi
825 3362 899 3396 texor
918 3354 997 3409 erat,
1026 3362 1060 3397 aa
1079 3344 1154 3396 rlomt'
1175 3344 1293 3400 Lentuli.
1327 3344 1462 3417 Equidem

134 3414 204 3469 illud
217 3416 353 3469 arbitror:
374 3433 435 3469 nam
449 3418 540 3469 'Pollia
555 3423 582 3471 in
597 3424 682 3491 patris
694 3418 852 3471 Tusculano
867 3418 974 3472 ridetur
987 3419 1099 3474 obiisse.
1120 3418 1177 3473 cta.
1191 3420 1319 3473 Tunrtatt
1333 3440 1358 3491 p.
1369 3424 1414 3477 62.
1425 3448 1462 3461 -

133 3490 200 3547 Non
220 3490 307 3543 altmn
325 3506 341 3542 a
363 3492 393 3545 Ρ.
412 3493 543 3545 Cornelio
563 3494 710 3545 Dolabella
738 3498 855 3565 trsrettigt
878 3494 912 3544 ab
934 3499 1053 3548 Asconio
1078 3512 1106 3549 et
1127 3496 1295 3559 Plutarcho,
1320 3496 1462 3565 colligitur

135 3586 169 3621 es
186 3582 287 3619 eoram
307 3568 397 3619 serbis
423 3586 448 3623 c.
473 3570 513 3624 ll.
550 3569 668 3622 Accedit
688 3568 849 3623 Macrobius
869 3570 926 3623 Sat.
947 3578 978 3631 2³,
998 3574 1042 3637 5.,
1067 3576 1114 3643 qui
1134 3571 1233 3624 itidem
1253 3572 1396 3625 Ciceronis
1416 3588 1463 3641 ge·

135 3660 236 3697 aerum
263 3642 430 3715 simpliciter
457 3643 603 3697 Lentulum
632 3644 761 3717 appellat.
799 3646 868 3699 scil.
889 3648 1025 3699 Asconius
1054 3666 1081 3718 p.
1101 3652 1129 3705 5.
1153 3646 1198 3703 ed.
1218 3648 1338 3701 Baiteri:
1365 3646 1462 3697 Ct‘eero

130 3716 230 3791 filiam
245 3726 313 3786 post
332 3728 450 3769 mortem
465 3718 573 3769 l’t'soru's
591 3727 689 3785 generi
708 3720 739 3774 Ρ.
755 3720 871 3773 &ritorto
891 3722 1058 3787 collocante,
1076 3722 1152 3789 aptttl
1168 3742 1246 3795 quern
1261 3724 1311 3773 t‘lln
1327 3740 1363 3772 ea
1373 3728 1462 3787 partu

137 3790 276 3851 decessu.-
303 3808 329 3843 et
351 3792 530 3847 Plutarchus:
560 3803 692 3873 liparam
719 3794 743 3849 ‹i'
769 3795 854 3865 αὐτῷ
876 3796 940 3872 ⁸trtt’
969 3798 1005 3851 uu
1028 3794 1123 3853 nolim
1138 3796 1256 3873 χρόνον
1279 3798 1298 3870 ὴ
1318 3800 1460 3869 slcyurspt

137 3866 281 3925 aiar'aam
308 3866 452 3923 τύπωμα-α
474 3866 561 3942 ,rcapti
582 3868 720 3941 Λέντλῳ·
750 3871 846 3939 τούτῳ
871 3874 929 3946 γὰρ
957 3868 1101 3947 r'yrtttsidp
1124 3868 1205 3947 μετὰ
1232 3868 1288 3944 τὴν
1311 3874 1462 3933 Πείσωνος

136 3944 196 4001 τοῦ
219 3940 371 4013 aporiam·
395 3942 506 4014 ἀνδρία·
530 3945 677 4015 relictus.
713 3943 766 3997 Sed
786 3946 923 4015 quomodo
943 3948 975 4001 Ρ.
997 3928 1143 3999 Cornelius
1162 3945 1304 3997 Dolabella
1318 3946 1461 3997 Ciceronis

154 4034 224 4071 aner
243 4016 379 4071 battutas
409 4023 499 4069 cocart
526 4025 663 4091 potuerit,
688 4038 744 4073 noa
771 4024 837 4073 satta
858 4024 960 4092 liquet,
986 4039 1049 4075 curn
1070 4022 1261 4073 Corneliorum
1283 4019 1463 4073 Lentulorum

134 4036 245 4145 hmilia
266 4096 382 4165 patricia
403 4092 507 4145 diuersa
527 4092 610 4147 luerit
631 4111 644 4145 a
666 4094 772 4165 plebeia
793 4096 985 4151 Corneliorum
1005 4096 1227 4155 Dolabellarum;
1255 4098 1309 4149 nist
1331 4111 1394 4148 sero
1414 4094 1462 4147 ad-

133 4182 247 4235 optatos
267 4182 308 4217 est
330 4184 344 4217 a
365 4168 480 4220 Lentulo
500 4168 608 4241 aliquo:
638 4167 720 4241 idque
747 4168 895 4224 admodum
920 4172 1064 4247 probabile
1089 4174 1204 4223 videtur.
1244 4172 1296 4224 Pro
1322 4186 1400 4221 rnero
1420 4190 1463 4223 er·

132 4258 196 4295 rore
218 4244 334 4296 treanta
360 4258 386 4295 et
408 4243 545 4297 l‘lutarchi
572 4244 612 4298 rel
637 4248 799 4319 scriptoris,
825 4266 906 4319 quem
933 4265 1046 4319 uterque
1068 4262 1177 4300 secutus
1198 4261 1257 4309 est,
1282 4242 1344 4299 ideo
1367 4244 1460 4299 haberi

132 4322 248 4389 nequit,
269 4314 342 4386 quod
356 4316 455 4371 Cicero
473 4336 549 4373 certe
569 4320 666 4375 babuit
685 4330 828 4392 nepotem,-
847 4320 882 4375 ad
897 4327 983 4377 Attlc.
995 4326 1047 4383 12.
1069 4329 1113 4381 ts.
1133 4321 1194 4387 (ubi
1214 4325 1272 4373 eius
1292 4337 1392 4375 nomen
1406 4340 1461 4375 non

131 4390 284 4465 suerrum:
311 4392 428 4445 eunelem
448 4410 541 4447 autern
561 4414 620 4449 esre
640 4414 704 4449 eum
723 4396 841 4450 Leatrdo
857 4418 961 4465 patero,
982 4416 1062 4469 quern
1083 4394 1258 4449 cornmendat
1278 4398 1373 4451 Attico
1393 4394 1460 4451 ibid.

132 4468 184 4535 Ep.
199 4474 247 4527 28.
260 4470 361 4533 erto..
380 4472 469 4521 atrurn
489 4486 530 4523 ert
550 4488 639 4537 reete,
659 4476 687 4523 ni
708 4469 807 4536 latior,
830 4472 968 4538 corrado,
989 4475 1091 4536 Rosia,
1111 4471 1271 4525 ‘l'onstallos
1294 4488 1461 4545 ‹ruantquarn

132 4544 282 4597 Manutius
301 4540 335 4595 de
356 4544 462 4616 pupilio
482 4545 576 4616 aliquo
597 4548 755 4601 Ciceronis.
777 4565 833 4601 non
853 4566 968 4619 nepote,
992 4552 1107 4617 cogitat.
1146 4548 1246 4601 Statim
1267 4566 1329 4619 port
1350 4566 1459 4625 partum

133 4634 209 4671 certe
230 4616 403 4671 eorrralutase
423 4620 543 4674 'lolliam
562 4620 733 4676 demonstrat
754 4621 788 4675 ad
807 4622 904 4677 tamtt.
924 4627 959 4687 6,
983 4631 1025 4681 to·
1055 4622 1107 4673 Me
1120 4620 1221 4674 Rornae
1240 4630 1331 4677 tenerit
1349 4630 1461 4680 omnino

134 4692 247 4747 Tulliae
267 4710 345 4744 meae
359 4705 471 4763 paretes.
507 4694 565 4747 Sed
581 4714 641 4749 eam
660 4716 711 4761 ea,
737 4698 964 4769 quaemadmodum
981 4716 1079 4767 spero,
1098 4702 1170 4749 aetla
1178 4696 1272 4771 firma
1289 4706 1345 4767 sil,
1365 4711 1461 4754 teneor

135 4778 248 4833 tamen,
275 4766 342 4818 dnm
360 4788 379 4818 a
398 4768 564 4822 Dolabellae
579 4774 811 4842 procreatoribus
829 4778 945 4841 eulpam
960 4779 1082 4843 primam
1097 4778 1268 4845 pensionem.
1306 4778 1348 4831 lta
1368 4792 1461 4830 tamen

136 4846 207 4902 haee
227 4842 376 4899 conciliari
396 4862 511 4918 possunt
531 4864 593 4902 cum
613 4848 771 4904 narratione
791 4852 904 4905 treanta
923 4866 951 4906 et
971 4850 1112 4907 Plutarchi
1135 4866 1218 4927 atque
1237 4852 1375 4910 Tuortallt
1394 4854 1461 4928 opi-
