3218 5310
143 192 206 261 sss
344 144 348 153 ’
662 187 706 255 r.
733 156 950 257 nannum

56 356 59 361 ·
141 336 241 405 tuisse
261 328 455 408 Lambinus,
485 349 558 396 eum
585 337 677 393 antes
701 327 884 416 legeretur,
913 326 1045 393 amnem
1055 334 1154 413 pater
1173 328 1317 412 optimus
1338 321 1404 389 lloo
1422 346 1478 391 me.

142 431 314 498 Muretusz
342 425 473 510 ineptus
499 420 551 486 bio
576 426 716 509 eorrupit
736 421 855 503 locum,
882 442 974 511 quem
1001 417 1186 487 emendasse
1210 440 1251 483 se
1278 421 1394 485 iactat.
1433 418 1480 482 Ito

143 545 219 589 usus
238 532 289 586 cst
309 518 438 585 Tanos
459 510 550 581 verbo
570 537 680 583 suesco
701 513 781 581 libro
803 518 835 582 2.
865 516 1048 600 (Annalium
1071 515 1218 580 nimirum
1249 536 1327 598 esp.
1353 516 1426 594 52.)
1449 526 1479 577 nt

147 614 337 703 Tacfarinas
364 611 461 676 lectos
487 615 574 676 ciros
598 621 634 675 et
651 608 828 677 Romonm
855 616 889 675 in
910 608 1036 675 mam
1056 621 1197 674 ormnem
1216 613 1374 673 atnneret
1392 605 1476 671 disci·

137 709 233 811 plina
252 716 287 773 et
303 710 446 793 imperiis
465 715 638 771 suesceret:
663 716 699 769 et
718 702 893 769 Columella
919 700 1009 769 verbo
1034 708 1176 767 insuesco
1204 700 1260 767 lib.
1284 704 1321 769 6.
1351 725 1428 788 cap.
1448 704 1477 766 1.

141 806 282 869 monime
302 810 405 864 tamen
424 793 556 867 babenti·
573 793 723 860 solemn
741 819 889 878 mearco,
917 802 949 861 si
974 795 1162 860 tanmmdem
1192 818 1301 887 oquae
1329 800 1476 875 miscens,

141 908 179 967 m
194 917 235 962 eo
249 913 351 983 pecus
370 896 540 958 insuescas,
582 891 669 954 Illud
694 889 811 954 satirae
837 890 997 977 sequentis
1020 909 1127 978 poene
1153 895 1236 955 arsit
1254 911 1300 955 m.
1323 887 1360 953 d.
1383 900 1406 953 t.
1428 892 1477 956 ai·

140 1001 250 1058 monet
263 985 438 1053 restituisse
452 984 645 1050 Lambiuum
665 1004 709 1046 en
722 987 870 1072 ingenio.-
892 987 979 1070 quod
999 1005 1095 1066 saepe
1116 985 1219 1050 eidem
1241 983 1318 1061 atii,
1344 984 1478 1048 maxime

36 1122 39 1127 -
139 1086 173 1155 in
196 1084 373 1161 Cicerone,
398 1079 599 1145 obiecerunt.
643 1078 681 1141 In
704 1078 933 1144 commentario
956 1080 995 1141 ad
1015 1079 1141 1144 satiram
1160 1080 1194 1144 b.
1216 1078 1295 1143 libri
1309 1078 1346 1142 2.
1370 1100 1479 1161 reprc-

138 1178 266 1254 bondit,
290 1177 379 1262 quod
398 1173 478 1238 illud
498 1170 590 1236 initio
606 1170 769 1248 Tiresiae,
791 1175 1003 1235 narrationem
1023 1184 1136 1240 vocet.
1170 1172 1300 1240 Ibidem
1322 1176 1367 1237 ad
1388 1173 1474 1251 illud,

35 1292 43 1303 “
141 1270 282 1337 divinare
309 1269 441 1348 etenim,
473 1263 654 1330 Lambinus
685 1262 866 1347 protulerat
898 1266 1121 1332 nonnullorum
1155 1266 1429 1349 explicationem,
1459 1290 1476 1331 a

140 1366 257 1454 quibus
279 1384 314 1427 se
336 1359 460 1426 dixerat
480 1358 662 1441 dissentire.
705 1359 857 1423 Muretus
880 1381 979 1426 vero:
1010 1368 1042 1423 tu
1062 1371 1230 1450 antequam
1251 1379 1275 1423 o
1296 1380 1351 1423 me
1371 1357 1477 1421 adme

142 1463 226 1523 nina
247 1476 352 1535 esses,
375 1457 421 1516 ito
434 1447 639 1538 explicabant
659 1455 705 1513 ito
717 1461 839 1533 antem,
862 1460 899 1515 nt
911 1472 989 1539 ego,
1011 1451 1357 1541 exponitetBoitlnim
1378 1450 1430 1519 lib.
1445 1455 1476 1518 t.

141 1550 184 1621 de
203 1544 354 1616 consolat
392 1543 534 1626 Philon,
562 1565 653 1633 quem
674 1541 754 1613 cide.
789 1547 844 1613 At
864 1547 994 1611 satiram
1011 1546 1103 1612 8.'et
1128 1546 1236 1613 locum
1265 1547 1358 1612 illum
1386 1568 1479 1632 snper

140 1649 266 1733 ipsam,
287 1639 509 1707 animadvertit
523 1639 675 1703 Muretus
695 1656 792 1723 snper
810 1651 955 1728 sequente
975 1637 1092 1723 meoli,
1114 1661 1214 1726 snpra
1234 1653 1390 1731 sequente
1408 1663 1476 1703 eon·

139 1749 293 1805 maana:
313 1736 400 1821 quod
422 1744 524 1798 tamen
545 1738 734 1815 perpetuum
758 1754 823 1797 non
845 1745 904 1798 est.
947 1736 1003 1801 Aa
1023 1734 1192 1817 epistolam
1213 1736 1355 1819 primaru
1371 1735 1478 1799 Primo

140 1830 224 1899 dicte
242 1826 337 1910 milti,
367 1850 439 1892 cum
459 1825 637 1890 Lambinus
659 1823 856 1908 scripsissem
880 1824 939 1893 En
958 1826 1019 1895 boc
1039 1826 1108 1893 loco
1129 1841 1398 1916 orgmmentanmr
1415 1834 1477 1918 qui-

141 1923 235 2007 dam,
262 1919 417 2011 epistolas
430 1932 595 2009 postremo
616 1915 685 1983 loeo
705 1915 746 1981 ob
767 1918 899 1984 Horatio
920 1942 990 1985 esse
1008 1924 1146 2007 scriptos
1172 1931 1206 1985 et
1220 1934 1391 2009 postremo
1413 1921 1477 1985 loco

144 2039 214 2087 esse
235 2012 407 2097 beandam
434 2014 584 2078 Muretus
606 2011 789 2097 subiungit:
816 2012 903 2103 quod
920 2018 1058 2100 ineptum
1077 2024 1146 2080 ests
1175 2036 1282 2105 neque
1299 2021 1381 2080 ser'ri
1399 2030 1479 2081 certo

139 2119 264 2201 potest,
289 2130 350 2198 quo
372 2106 481 2171 ordine
495 2110 649 2192 poimota
668 2126 727 2167 suo
746 2112 918 2193 scripserit.
963 2106 1052 2173 Certa
1073 2106 1228 2198 quasdam
1250 2107 1335 2173 odas
1357 2116 1479 2197 serpsit

144 2206 209 2268 iam
236 2200 354 2283 sem,
382 2211 419 2265 at
444 2199 585 2264 indicant
609 2197 667 2262 illo
698 2197 798 2276 „lenit
821 2199 984 2267 albescens
1007 2208 1133 2268 animm
1158 2198 1302 2289 capellam
1329 2202 1431 2269 limos
1449 2217 1479 2267 et

141 2302 233 2361 minoe
260 2293 392 2383 capellos
412 2305 591 2383 protervae.
634 2290 712 2362 Non
738 2314 799 2380 ego
826 2292 888 2360 boc
902 2295 1029 2382 serrem
1048 2293 1173 2360 calidus
1193 2301 1324 2361 invento
1348 2294 1479 2361 Coumle

141 2390 262 2455 Planco
272 2386 303 2453 ”,
323 2388 383 2454 ode
414 2393 467 2453 ll.
500 2386 552 2454 lib.
581 2390 614 2454 3.
646 2397 680 2452 et
704 2384 761 2451 illo
794 2388 958 2471 „brachia
986 2401 1020 2454 et
1045 2389 1159 2457 vulmm
1189 2399 1368 2479 teretesque
1393 2414 1478 2453 seam

140 2482 270 2570 Integer
290 2481 404 2546 laudo:
421 2472 509 2570 segle
529 2482 703 2569 suspicari,
732 2478 828 2547 Cm'us
854 2495 996 2548 oetaeum
1023 2481 1192 2570 trepidam't
1209 2495 1306 2547 oetas
1328 2482 1477 2547 Clandem

143 2573 301 2641 baoam''
321 2574 381 2638 ode
404 2578 436 2640 1.
461 2572 513 2639 lib.
536 2578 569 2641 2.
592 2588 627 2641 et
644 2575 783 2647 eiusdem
804 2575 865 2639 ode
887 2581 939 2644 11.
974 2575 1068 2663 „Cur
1085 2598 1151 2641 non
1171 2571 1228 2638 sub
1250 2576 1324 2641 alta
1345 2578 1398 2643 vet
1409 2577 1475 2664 pla·

142 2680 235 2748 tono,
265 2665 316 2732 vel
339 2664 400 2730 leae
423 2673 504 2755 pinu
532 2672 670 2734 lacerates
696 2677 744 2736 sio
770 2683 902 2753 temero,
931 2682 965 2735 et
982 2692 1057 2736 roso
1076 2690 1176 2735 canos
1196 2667 1330 2733 odorati
1349 2669 1475 2758 capillos

143 2809 178 2843 ..
198 2809 207 2826 .
226 2807 234 2825 .
253 2808 262 2826 .
279 2773 430 2845 potantes
450 2762 559 2826 renea?
593 2761 705 2852 Neque
726 2787 790 2827 non
810 2760 867 2828 illo
887 2775 1072 2828 seneclutem
1094 2762 1181 2827 olent
1200 2817 1217 2848 „
1233 2761 1274 2827 V
1269 2768 1323 2827 ixi
1335 2763 1474 2850 puellm”

141 2846 177 2920 el
194 2852 252 2918 illo
278 2852 340 2916 ode
361 2857 414 2920 11.
446 2851 496 2918 lib.
521 2858 552 2918 1.
576 2857 609 2920 l.
654 2857 752 2943 „Age
777 2862 841 2920 iam
864 2857 1096 2942 mcontmfinis
1115 2878 1282 2937 amonem,
1314 2879 1380 2920 non
1401 2864 1474 2920 enim

136 2946 277 3037 posthae
296 2945 364 3010 alia
384 2942 492 3010 calebo
503 2946 668 3033 semiiio.'’
712 2950 797 3037 (luein
824 2961 858 3013 et
881 2950 962 3014 oden
983 2956 1124 3037 primam
1146 2947 1220 3013 libri
1239 2954 1276 3016 lt.
1299 2964 1425 3015 constat
1441 2948 1474 3013 ob

141 3063 180 3106 eo
200 3064 304 3128 prope
324 3046 591 3130 qainqmtgenario
610 3048 778 3130 scriptam:
800 3053 836 3108 at
854 3042 994 3108 reltimam
1015 3043 1181 3130 epistolam
1203 3042 1300 3107 huius
1319 3044 1395 3108 libri
1407 3050 1474 3107 scri·

136 3141 210 3224 psit
228 3157 330 3199 menos
357 3147 450 3198 nones
471 3137 525 3201 ll.
567 3136 651 3219 „Mc
679 3150 788 3226 preater
814 3136 954 3200 umIenos
983 3143 1070 3201 serat
1091 3135 1273 3222 implevisse
1294 3137 1478 3203 Decembres

148 3228 311 3316 Collegam
324 3226 479 3314 Lepidum
500 3251 561 3317 qno
582 3229 675 3294 duait
685 3229 807 3295 Lollius
826 3228 944 3295 onno.''
978 3233 1032 3296 Aa
1054 3234 1183 3295 eandem
1205 3232 1292 3295 bano
1315 3235 1477 3315 epistolam

141 3334 175 3389 et
207 3326 307 3387 verba
341 3344 432 3386 nemo
463 3321 544 3386 adeo
568 3323 660 3408 semes
687 3336 734 3387 cst
764 3347 835 3388 cum
866 3325 1049 3410 Theognim
1080 3325 1273 3409 allegasset,
1308 3328 1476 3391 Murmns:

143 3437 212 3480 non
228 3414 391 3502 intelligit,
414 3414 492 3505 qnid
514 3415 673 3502 Theogonis
693 3415 787 3480 dicat.
830 3416 997 3502 Denique,
1028 3429 1360 3496 memorationem,
1386 3423 1426 3483 ad
1446 3419 1477 3481 li

141 3508 194 3573 bri
215 3509 343 3573 secundi
365 3521 558 3593 postremam
582 3510 766 3593 epistolam,
797 3510 851 3574 ubi
874 3532 978 3596 purae
998 3521 1073 3572 snut
1083 3507 1216 3595 pateas
1237 3512 1284 3575 ait
1306 3514 1474 3585 Horatius,

143 3611 178 3667 et
197 3601 373 3666 Lambinus
394 3625 508 3668 rocem
530 3603 615 3667 illam
632 3624 750 3690 puram
771 3604 927 3687 explicat,
952 3605 1036 3668 addit
1056 3606 1229 3670 Muretus:
1266 3605 1428 3693 Virgilian
1447 3611 1476 3667 in

145 3696 232 3762 XII.
248 3698 319 3764 770.
348 3694 416 3759 Sed
427 3701 557 3783 stirpem
574 3695 688 3758 Teucri
700 3690 786 3758 rinllo
804 3695 982 3761 deserinriue
998 3718 1121 3759 socrum
1134 3695 1338 3778 amarioraret,
1349 3721 1437 3785 petro
1447 3710 1477 3759 nt

137 3802 274 3875 possent
291 3812 473 3853 concurrere
493 3811 617 3876 eampo.
662 3788 754 3853 Oeta.
777 3792 810 3856 3.
834 3789 964 3854 Metam.
986 3795 1020 3853 in
1040 3802 1193 3854 commo.
1237 3791 1346 3854 Panes
1368 3790 1411 3855 ob
1430 3814 1475 3854 nr·

143 3879 268 3946 boribus
288 3879 468 3970 spectabilis
489 3881 623 3972 medique
643 3905 783 3970 campus.
825 3883 874 3948 La
899 3882 1031 3972 galera,
1059 3883 1184 3974 quaracla
1207 3883 1234 3947 il
1254 3885 1391 3972 padron
1411 3882 1477 3949 vesal

143 3972 281 4040 dormire
307 3982 339 4040 in
368 3972 478 4063 beogbi
503 3973 532 4039 si
549 3975 650 4062 jota,
679 3975 797 4039 maredo
824 3980 887 4040 ima
904 3977 1042 4066 sregota
1068 4001 1090 4040 a
1117 3976 1247 4059 vedere,
1281 3976 1330 4042 s‘e
1351 3992 1436 4042 netto
1455 3976 1477 4040 il

137 4089 240 4154 paese
247 4116 258 4150 ‚
288 4092 362 4133 over
381 4067 426 4133 s’c
448 4067 569 4150 brutto;
602 4069 669 4134 cioe
697 4093 732 4133 se
758 4076 791 4134 ci
808 4094 866 4135 son
887 4077 1022 4152 corsari,
1055 4095 1075 4134 o
1096 4094 1148 4136 no.
1193 4076 1378 4140 Praetereo
1402 4096 1473 4138 vero

143 4163 300 4245 plurima,
333 4187 414 4249 quise
435 4166 498 4228 bue
511 4176 640 4257 ¹tantum
662 4176 824 4249 spectant,
856 4168 933 4251 quid
961 4189 979 4230 a
1001 4169 1137 4232 Mureto
1158 4156 1340 4232 Lambinus
1364 4169 1399 4232 in
1420 4169 1475 4232 illis

143 4259 394 4336 commentariis,
425 4259 501 4344 quid
529 4261 569 4322 ab
598 4260 666 4322 aliis
696 4272 853 4324 mutuatus
882 4261 966 4325 sit.¹
1008 4262 1060 4326 De
1081 4262 1130 4326 his
1152 4263 1395 4327 commentariis
1417 4261 1474 4326 suis

145 4373 315 4395 ἡ

169 4433 211 4497 il)
230 4431 277 4482 Ita
294 4431 334 4483 od
351 4431 398 4485 od.
418 4431 465 4484 lib.
480 4437 506 4486 1.
522 4436 566 4491 13.
587 4432 633 4483 nbi
651 4433 775 4502 explicat
795 4439 930 4505 impressit
951 4453 1100 4489 memorem
1120 4435 1203 4489 deute
1223 4435 1327 4503 labris,
1348 4439 1475 4490 Muretus

141 4502 182 4555 nd
205 4504 285 4557 illam
310 4513 506 4559 commentarli
530 4517 643 4578 portem
669 4509 753 4560 diaeta
779 4517 974 4561 transversum
999 4511 1075 4562 lineo
1098 4510 1253 4580 adscripsit
1275 4530 1384 4569 turum.
1421 4513 1475 4566 Ode

141 4580 524 4713 “t“·tl⁵‘¹‘'⁰l,·“t¹‘lt{
542 4585 779 4710 ltl'lltl’
796 4584 1068 4713 llil-llll}
1087 4591 1360 4715 exemerunt
1380 4608 1476 4718 miii

140 4656 196 4786 lin·
209 4673 359 4785 ol'lsdoicbi
376 4736 406 4785 ln
425 4678 555 4806 byrele.-
575 4734 709 4789 Mnrstus
727 4677 880 4789 ailbricti
900 4680 997 4791 simil
1015 4679 1078 4791 est?
1096 4681 1162 4790 licie
1183 4682 1476 4813 immanuelblicb'lmbn·
