3218 5310
170 273 210 336 32
586 269 637 332 M.
665 267 828 332 TULLII
855 263 1107 330 CICERONIS

288 440 381 507 Anno
404 438 498 503 Urbis
518 436 719 501 DOLXXX.
742 437 911 499 Ciceronis
931 433 1096 496 XXXIV.
1124 452 1209 495 coss.
1223 431 1371 510 suerunt
1474 446 1483 508 t

169 546 1002 669 u.rcueur1usmuu0uucumus,
1026 572 1067 646 u.
1089 572 1297 649 usssms
1312 523 1495 675 sunnis

254 739 304 802 De
329 737 376 799 his
397 735 514 801 Cicero
543 756 605 816 pro
631 732 779 797 Cluentio
806 753 878 812 cap.
903 732 957 793 99.
1000 730 1068 797 Sed
1087 749 1261 824 quaeroxa
1284 727 1391 805 vobis,
1412 751 1496 790 num

169 822 270 896 istam
291 834 402 912 legem
423 851 466 893 ex
487 832 551 890 islo
572 828 607 889 S.
630 829 662 891 C.
688 828 723 889 L.
742 825 909 888 Lucullus
930 823 1070 900 consul,
1092 823 1193 881 lromo
1214 821 1495 899 sapientissimus,

168 921 312 989 tulerit?
342 941 421 982 num
442 938 532 980 anno
551 927 629 999 post
649 916 701 980 M.
724 914 890 977 Lucullus
910 921 943 976 et
965 914 997 975 0.
1020 912 1176 974 Cassius?
1230 911 1492 973 Eosdem-Ver·

168 1011 238 1076 rina
267 1013 359 1074 tertia
389 1033 458 1092 cap.
489 1009 541 1071 23.
567 1009 620 1071 Μ.
646 1007 828 1069 Terentium
853 1017 884 1067 et
907 1003 948 1067 C.
973 1002 1117 1066 Cassium
1140 999 1298 1079 norninat,
1335 1001 1491 1089 aquibus

168 1106 223 1170 lex
244 1086 447 1170 tnssdentaris
471 1102 621 1166 Terentia
645 1112 677 1163 et
700 1098 811 1166 Cassia
841 1098 902 1161 lata
925 1096 1004 1160 luit:
1043 1098 1082 1157 de
1112 1117 1174 1178 qua
1203 1092 1323 1160 Cicera
1352 1096 1496 1161 Vereins

169 1203 217 1265 V.
241 1222 312 1282 cap.
336 1203 389 1261 70.
413 1210 444 1261 et
468 1198 548 1278 vlt.
571 1218 639 1277 cap.
664 1196 716 1257 91.
756 1192 831 1256 Fuit
853 1190 935 1255 enim
960 1192 1009 1253 M.
1034 1189 1209 1264 Lucullus,
1232 1191 1334 1253 frater
1355 1191 1400 1253 L.
1423 1191 1495 1255 Lu·

169 1292 263 1368 culli,
289 1293 320 1355 in
342 1290 566 1355 'l'ereutiorum
588 1288 736 1351 {sastilium
755 1289 933 1368 adoptatus.
975 1285 1088 1347 Eidem
1104 1284 1326 1348 Macedoniam
1347 1283 1495 1347 evenisse

170 1387 347 1469 Eutropius
371 1387 426 1450 lib.
450 1386 514 1448 vt.
538 1405 610 1466 cap.
635 1383 665 1446 [t.
686 1380 809 1443 scribit.
851 1380 936 1442 Hinc
960 1378 1077 1443 Cicero
1100 1377 1130 1440 in
1153 1379 1253 1441 Verr.
1274 1379 1339 1442 IV.
1363 1400 1436 1460 cap.
1459 1377 1494 1441 8.

169 1480 268 1545 Diaril
287 1480 353 1543 boc
377 1479 465 1542 idem
487 1479 538 1541 Μ.
558 1475 745 1553 Lucullus,
776 1495 809 1536 se
830 1472 883 1536 de'
898 1474 948 1534 nis
969 1472 1087 1534 Diouis
1108 1472 1331 1536 incommodis
1350 1493 1416 1553 pro
1436 1473 1497 1534 ho·

169 1572 294 1652 spillo,
316 1568 488 1652 quodsilri
499 1588 578 1630 cum
591 1588 632 1630 eo
646 1574 746 1643 esset,
768 1566 837 1624 iam
859 1572 937 1626 ante
960 1583 1137 1643 cognosse.
1179 1562 1287 1642 Quid,
1308 1562 1494 1636 Lucullus,

171 1661 325 1743 quitum
347 1663 381 1720 in
401 1657 611 1721 Macedonia
624 1655 719 1735 fuit,
740 1655 861 1717 melius
881 1654 966 1736 hacc
988 1655 1169 1733 cognovit,
1197 1675 1303 1735 quam
1323 1663 1378 1734 tn,
1400 1655 1497 1717 Hor·

169 1752 272 1825 lensi,
307 1751 369 1834 qui
389 1751 512 1811 llorrtr'tc
526 1746 661 1826 fuisti?
702 1746 779 1807 Hoc
802 1765 885 1806 anno
908 1743 1023 1806 bellum
1053 1744 1083 1806 in
1111 1743 1200 1806 ltalia
1225 1767 1241 1806 a
1265 1744 1497 1828 gladiatoribus

170 1843 249 1904 duce
279 1843 432 1922 Spartaco
463 1839 633 1902 excitatum
666 1850 730 1911 est;
766 1840 853 1923 quod
875 1837 992 1902 Cicero
1015 1838 1046 1900 iu
1070 1837 1241 1901 Maniliana
1265 1862 1336 1921 cap.
1358 1842 1496 1924 10.seq.

169 1934 286 1999 servile
308 1946 423 2000 vocat:
448 1935 486 1998 de
508 1955 574 2019 qtto
597 1932 710 2014 scripsi
733 1931 762 1993 in
788 1932 844 1995 ult.
868 1953 940 2013 cap.
966 1931 1021 1995 lib.
1039 1933 1084 1994 V.
1103 1932 1225 1996 Orosii.
1271 1935 1394 1997 Eodem
1415 1946 1498 1996 tcm-

80 2028 82 2035 ’
168 2050 250 2112 pore
272 2028 318 2093 L.
340 2029 513 2102 Lucullus,
539 2027 592 2111 qui
614 2026 724 2090 consul
747 2047 828 2087 asssso
851 2026 1019 2106 superiore
1042 2036 1152 2088 contra
1174 2025 1394 2088 Mithridatem
1419 2046 1498 2108 pro-

168 2122 272 2190 tectus
293 2132 384 2200 erat,
418 2124 457 2184 ad
480 2120 635 2200 Cyzicum
661 2122 771 2182 urbem
795 2119 969 2182 exercitum
992 2119 1056 2182 eius
1079 2119 1161 2182 fasne
1184 2122 1336 2202 ferroque
1360 2121 1494 2197 delerit,

135 2262 139 2271 .
167 2226 300 2279 auctore
324 2214 421 2278 Livio
443 2214 517 2277 libr.
534 2213 647 2277 XCV.
695 2214 773 2272 Nam
790 2233 861 2271 cnm
884 2211 981 2274 totius
1003 2210 1138 2291 impetus
1162 2212 1235 2274 bclli
1257 2216 1297 2275 ad
1312 2213 1497 2291 Cyziceno-

141 2296 238 2373 ⁸rum
269 2308 390 2370 moenia
420 2306 612 2370 constitisset
640 2326 771 2388 carisque
802 2306 911 2367 urbem
938 2304 998 2368 sibi
1025 2306 1228 2370 Mithridates
1253 2307 1347 2371 Asiae
1373 2298 1496 2371 ianuam

169 2400 243 2466 fore
269 2400 460 2483 putavisset,
497 2421 557 2485 qua
588 2401 718 2462 effracta
748 2409 780 2459 et
809 2398 935 2460 revulsa
962 2411 1028 2462 tota
1056 2412 1178 2480 pateret
1201 2400 1386 2482 provincia:
1421 2424 1496 2486 per·

169 2497 253 2560 lecta
278 2498 318 2557 ab
346 2496 485 2559 Lucullo
512 2497 592 2556 haec
621 2504 692 2555 suut
721 2490 844 2566 omnia,
880 2504 913 2553 ut
942 2495 1019 2555 urbs
1049 2494 1301 2559 fidelissimorum
1331 2495 1493 2560 sociorum

86 2667 90 2675 Ι
170 2588 412 2664 defenderetur,
439 2601 472 2651 ut
501 2608 609 2652 omnes
635 2585 750 2667 copiae
773 2585 860 2668 regis
891 2585 1095 2650 diuturnitate
1124 2589 1297 2654 obsidionis
1329 2611 1495 2654 consume·

169 2692 298 2756 rentur3
322 2683 364 2745 ait
381 2681 500 2746 Cicero
525 2702 584 2763 pro
609 2682 748 2743 Murena
771 2699 844 2760 cap.
863 2681 916 2741 ts.
956 2682 1097 2744 Eandem
1120 2704 1187 2746 rem
1208 2685 1364 2769 pro'lege
1389 2685 1496 2751 utan-

171 2773 214 2839 tia
237 2797 308 2858 cap.
331 2776 363 2839 8.
388 2789 418 2839 ct
442 2797 503 2858 pro
526 2773 645 2840 Arcbia
667 2795 739 2856 cap.
762 2774 794 2837 9.
818 2788 1057 2840 commemorat.

285 3071 380 3139 amo
402 3072 499 3139 urus
518 3071 739 3138 accurri.
769 3033 936 3139 crinon.
956 3074 1105 3141 xxxa
1126 3096 1213 3153 ens.
1224 3075 1375 3159 fuerans

170 3213 215 3289 L.
244 3212 460 3290 GELLIUS
487 3213 1208 3405 POPLIClgffibfflUCSORNELIUS
1228 3217 1495 3298 LENTULUS

257 3481 307 3546 Dc
336 3481 385 3545 his
409 3480 528 3546 Cicera
555 3482 584 3544 in
609 3483 709 3547 Verr.
741 3484 805 3547 tv.
833 3506 905 3566 cap.
935 3487 991 3552 39.
1051 3488 1172 3571 Itaque
1192 3489 1228 3553 in
1247 3499 1365 3552 senatu
1387 3495 1494 3555 conti·

171 3599 240 3642 nuo
270 3578 324 3640 On.
356 3575 517 3640 Lentulus
553 3585 585 3640 el
617 3576 650 3638 L.
685 3576 811 3640 Gellius
843 3575 1031 3656 (Lucullus
1062 3578 1205 3660 impressi
1228 3578 1302 3642 libri
1324 3579 1494 3645 Ciceronis

172 3671 321 3731 mendose
350 3668 484 3740 habent,
520 3688 589 3728 cum
612 3670 649 3731 L.
672 3667 799 3732 Gellius
825 3668 855 3731 in
884 3671 1016 3734 vetustis
1044 3684 1132 3736 recte
1161 3673 1303 3757 legatur)
1337 3676 1496 3740 consules

163 3761 311 3842 faciant
333 3762 550 3835 mentionem,
579 3760 717 3839 placere
747 3764 873 3844 statui,
900 3765 932 3826 si
960 3765 1112 3828 Patribus
1141 3768 1344 3849 conscriptis
1371 3765 1497 3835 cidere·

172 3864 248 3929 tar,
268 3875 308 3918 ne
329 3853 479 3923 absentes
499 3852 648 3915 homines
670 3853 702 3911 in
723 3853 907 3930 prouinciis
929 3858 981 3918 rei
991 3853 1116 3930 fierent
1139 3876 1251 3920 rerum
1277 3856 1496 3940 capitalium.

172 3942 276 4007 Iidem
297 3945 326 4006 in
358 3955 441 4007 orat.
472 3963 535 4023 pro
563 3943 665 4023 Balbo
688 3940 857 4022 aliquoties
888 3947 1101 4010 nominantur.
1156 3948 1194 4011 Iu
1217 3961 1328 4028 qssarta
1357 3967 1435 4012 vero
1465 3949 1495 4010 in
1527 3947 1533 3956 ’

174 4037 313 4102 Verrem
351 4061 422 4122 cap.
455 4039 508 4102 dl.
540 4037 593 4099 M.
621 4034 760 4099 Lollium
794 4034 975 4101 Palicanum
1013 4041 1173 4105 tribunum
1200 4043 1289 4126 pleb.
1319 4045 1381 4108 boc
1413 4061 1496 4105 anua

170 4130 268 4195 luisse
305 4131 548 4218 cognoscimus:
588 4152 680 4212 quem
708 4130 892 4206 laborasse,
928 4145 960 4194 ut
994 4134 1160 4198 tribunicia
1193 4149 1336 4219 potestas
1373 4136 1497 4219 populo

172 4223 411 4302 restitueretur,
449 4223 608 4290 Asconius
640 4223 669 4285 iu
701 4225 871 4287 Verrinam
904 4225 933 4288 l.
969 4248 1038 4309 cap.
1078 4230 1108 4292 3.
1139 4232 1262 4294 scribit.
1307 4233 1358 4294 De
1383 4232 1497 4293 eodem

172 4312 291 4382 Cicero
316 4319 347 4382 in
373 4321 477 4384 Bruto
504 4339 575 4401 cap.
608 4319 659 4381 62.
701 4315 836 4401 Aptior,
858 4320 978 4401 iuquit,
1002 4326 1105 4387 etiam
1140 4327 1325 4388 Palicanus
1353 4322 1496 4387 auribus

174 4412 419 4492 imperitorum.
459 4414 536 4478 Hoc
568 4433 650 4475 auno
673 4413 848 4488 Lucullus,
875 4414 1090 4477 Mithridatem
1109 4415 1149 4478 'iu
1174 4419 1314 4481 Pontum
1346 4435 1496 4496 persecu·

171 4513 242 4577 tus,
281 4523 350 4564 eum
379 4505 560 4588 legionibus
596 4505 750 4569 Romanis
782 4506 950 4587 patefecit,
983 4508 1036 4593 qui
1071 4522 1140 4573 ante
1172 4510 1294 4592 populo
1325 4510 1424 4572 Rom.
1454 4529 1495 4570 ex

172 4594 259 4658 omni
283 4596 370 4659 aditu
391 4599 515 4664 clausus
538 4601 663 4666 fueraut
687 4613 721 4663 ut
743 4600 792 4680 ⁴ait
815 4599 934 4666 Cicero
963 4622 1025 4685 pra
1050 4601 1122 4688 lege
1146 4603 1278 4668 Manilia
1307 4624 1380 4685 cap.
1407 4603 1439 4664 8.
1464 4612 1495 4663 et

171 4708 234 4775 pra
263 4690 386 4755 Archia
405 4713 476 4776 cap.
498 4695 530 4759 9.
588 4755 591 4759 .

641 4845 1046 4863 m

1505 300 1519 341 ἱ
