3218 5310
137 267 198 328 an
439 210 442 219 Δ
499 219 502 223 ’
540 261 592 323 nr.
617 258 778 324 vunan
802 255 1051 322 cressonis

72 457 79 464 -
136 412 201 476 viri
228 408 480 475 commentarius
507 424 579 470 eum
602 407 765 469 annotatt.
785 401 984 489 Leodegaril
1011 397 1201 484 assuereu.
1244 397 1412 486 Parisiis,
1436 418 1473 465 ex

56 499 60 507 ’
139 510 276 592 typogr.
298 501 358 566 Th.
378 497 537 564 Rieliardi
563 493 678 562 1562.
721 497 756 562 4.

225 630 268 642 -
294 613 355 680 per
377 593 418 657 D.
440 592 611 656 Erasmum
639 588 799 657 lioterod.
827 590 1020 672 restitutae,
1047 586 1250 655 emendatae
1282 591 1322 653 et
1349 587 1475 656 seboliis

144 692 339 755 illustratae.
382 682 556 771 Coloniae,
579 677 1054 751 exePetrusHorst15iiii.
1098 683 1132 746 8.

227 796 249 856 ε
268 813 309 825 -
331 780 590 845 Tusculanarum
606 777 843 859 Quaestionum
864 795 926 842 seu
942 777 1216 862 Disputatiouum
1230 775 1318 843 libri
1333 778 1478 862 quinque,

5 923 8 927 -
146 898 167 943 a
187 877 349 961 Dionysio
371 873 531 938 lambino
552 864 806 936 Monstroliensl
834 889 878 936 ex
905 872 1106 936 auctoritate
1127 866 1301 937 Codicum
1324 889 1478 937 manser.

147 969 320 1034 eruendati.
362 960 443 1033 Cum
471 966 636 1029 annotatt.
664 964 784 1030 Frane.
807 964 951 1030 Fabricii
972 961 1226 1045 Mareodnrani.
1273 962 1478 1031 Dosseldor-

148 1066 211 1149 pii,
239 1058 325 1146 apud
348 1061 397 1124 Io.
420 1054 610 1144 0rydryum
633 1061 667 1122 et
687 1056 766 1122 Alb.
785 1057 922 1122 Buslum
942 1059 1126 1141 sumptibus
1148 1055 1325 1123 heredum
1344 1054 1478 1123 Acrota

149 1153 362 1222 Birckmanni
383 1171 411 1216 s.
434 1169 467 1213 o.
491 1139 663 1229 (1568.)
709 1148 744 1215 8.
855 1215 857 1218 ,

234 1242 362 1316 Editio,
387 1248 421 1300 ut
443 1236 511 1318 ipse
534 1236 616 1312 vidi,
640 1235 765 1300 diversa
788 1259 803 1299 a
826 1249 996 1322 sequente,
1020 1236 1184 1322 aliquanto
1208 1239 1420 1322 posteriora.

232 1331 261 1387 i*
283 1376 325 1389 -
344 1375 387 1387 -
409 1327 529 1417 (Idem
544 1329 688 1416 Ιιιιίειτ.)
723 1332 901 1424 Coloniae,
923 1335 1011 1422 apud
1032 1336 1174 1404 beredes
1190 1337 1351 1405 Arnoldl
1365 1337 1477 1407 Birak-

147 1437 256 1502 manni
275 1453 302 1498 s.
323 1451 356 1497 a.
399 1432 435 1494 8.

232 1554 274 1566 -
295 1526 429 1590 Tuscul.
448 1521 585 1604 Quatest.
608 1542 668 1608 per
684 1523 855 1590 Erasmum
878 1516 1062 1607 (utrum).
1104 1524 1276 1607 Lorrdini,
1301 1545 1349 1593 ex
1370 1526 1424 1593 ol.
1437 1527 1477 1591 la

146 1622 318 1710 Kingston
340 1615 455 1682 1677.
498 1617 532 1681 8.

232 1743 272 1787 -,-
294 1712 427 1777 Tuscul.
447 1709 685 1791 Quaestionum
706 1710 901 1800 aphorismi,
928 1709 992 1777 boe
1014 1713 1082 1793 est,
1101 1716 1295 1798 separatae
1316 1716 1477 1783 selectas·

100 1858 108 1873 .
148 1829 212 1895 que
233 1807 419 1873 sententiae
441 1824 513 1869 eum
537 1806 758 1888 explicatione
779 1805 973 1890 Hieronymi
993 1805 1124 1894 Woliii,
1153 1808 1190 1871 lu
1219 1827 1294 1894 qna
1324 1829 1395 1874 nou
1421 1814 1476 1875 tn

148 1896 363 1991 grammatica
394 1903 428 1964 et
455 1898 614 1965 historica
642 1901 845 1984 tractantur,
872 1916 967 1984 quam
995 1917 1060 1983 qua
1085 1901 1220 1965 ratione
1247 1901 1477 1989 philosoplis·

149 1998 275 2079 seripta
289 1991 434 2080 legenda
449 1995 518 2057 sint
531 1993 715 2057 illustribus
733 1994 892 2076 exemplis
910 1993 1089 2076 propositis
1105 1992 1292 2060 indicatur.
1322 1998 1477 2071 Budlese,

95 2136 98 2143 .
151 2108 194 2152 ex
220 2087 271 2152 oti.
295 2087 513 2174 Hervagiana
538 2106 598 2170 per
619 2086 797 2151 Eusebium
821 2085 1033 2170 ldpiseopium
1062 2084 1182 2152 1580.
1230 2087 1257 2155 b
1285 2088 1423 2158 Partes
1456 2088 1477 2154 1

153 2183 245 2248 Vol·
272 2179 306 2245 8.

232 2304 273 2316 -
298 2265 417 2353 (idem
439 2270 570 2360 liedes,
591 2277 631 2338 ut
651 2277 689 2338 ia
714 2269 780 2336 uu.
794 2269 951 2337 Fabricii
969 2276 1085 2359 prima
1111 2267 1268 2357 1568.)
1317 2272 1476 2364 Coloniae,

151 2367 239 2452 apud
261 2366 452 2432 Maternum
474 2361 645 2431 Chalinum
669 2362 784 2431 1583.
826 2364 861 2429 u.

235 2457 328 2518 Mera
351 2453 471 2535 primae
494 2453 700 2516 Fabricianae
721 2451 882 2535 repetitio.

234 2565 322 2624 ε-
349 2591 390 2602 -
418 2552 472 2617 lix
492 2554 688 2618 recensione
712 2552 760 2615 Io.
781 2552 918 2617 Davisii.
960 2547 1039 2619 Cum
1060 2551 1212 2621 eiusdem
1233 2562 1477 2627 commentaris

151 2645 328 2713 Accedunt
357 2644 604 2710 emendationes
626 2646 722 2711 liicb.
742 2647 895 2713 Bentleii.
937 2644 1192 2738 cantabrigiae,
1223 2654 1326 2739 typis
1347 2652 1476 2722 Aude-

150 2743 242 2806 micis
266 2732 379 2802 1709.
423 2736 458 2802 8.

234 2829 330 2890 Nova
352 2825 495 2888 recensio
518 2847 559 2889 ex
584 2827 689 2891 Codd.
715 2829 745 2891 1.
769 2840 801 2891 et
822 2831 906 2892 Edd.
927 2841 1004 2897 vett.
1045 2830 1167 2894 Rarior
1189 2843 1242 2896 est
1266 2835 1354 2899 hacc
1376 2834 1474 2901 Editio

151 2944 242 3005 qaam
272 2924 350 2984 dirae
378 2930 562 3002 sequentes,
593 2920 749 3003 aquibus
779 2926 893 2986 absunt
915 2922 1050 2987 Bentleii
1077 2927 1346 3008 cruendationss,
1376 2942 1474 2995 contra

152 3037 229 3100 qaas
252 3011 380 3095 scripsit
399 3012 428 3076 1.
450 3012 491 3078 C.
515 3015 732 3078 Scbroedcras
753 3017 783 3078 in
806 3019 992 3100 Appendice
1015 3017 1182 3085 Ciceronis
1201 3022 1299 3107 Epp.
1324 3025 1386 3089 sel.
1406 3023 1474 3088 Lib.

151 3111 218 3175 lll.
242 3107 376 3191 Delphis
400 3107 494 3172 1721.
516 3119 547 3170 et
569 3108 663 3172 1721.
708 3111 740 3172 8.
907 3113 910 3119 ’

156 3198 392 3368 1723—{3-
414 3204 525 3270 Editio
542 3206 689 3273 secunda
704 3210 834 3274 auctior
848 3212 882 3275 et
898 3210 1108 3278 emendatior.
1144 3214 1244 3302 lbld,
1268 3220 1369 3306 typis
1380 3214 1474 3285 Asai

237 3390 415 3452 Admodum
437 3388 667 3452 inconsiderate
688 3385 801 3453 in'hac
822 3389 986 3468 Editione,
1017 3414 1081 3476 qua
1102 3396 1301 3476 Ernestius,
1335 3400 1473 3485 optim

154 3504 223 3545 crim
246 3492 388 3563 pavitaret,
414 3481 529 3564 ubique
548 3503 623 3544 usas
645 3494 711 3558 est,
736 3484 885 3548 Davisius
904 3487 1066 3568 exemplar
1085 3509 1101 3550 a
1125 3489 1280 3556 Bentleio
1304 3505 1472 3560 correctum

154 3587 278 3638 secatus
294 3586 354 3636 est.
392 3575 635 3638 Emendationes
657 3587 760 3639 airlcin
781 3578 893 3640 summi
914 3578 1016 3643 critici
1033 3580 1106 3645 ideo
1120 3582 1265 3650 omissae
1282 3603 1379 3665 saint,
1400 3587 1473 3673 quoi

153 3671 221 3732 Iac.
253 3666 458 3742 Gronovius,
489 3668 554 3730 eius
581 3668 741 3746 inimicus,
775 3671 806 3733 in
833 3671 957 3756 scripto
985 3675 1023 3738 de
1050 3675 1201 3742 Minucio
1226 3681 1345 3748 Felice
1373 3683 1473 3746 acriter

83 3838 87 3843 ὁ
158 3783 211 3824 cas
230 3760 484 3841 reprehenderat.
527 3762 622 3823 Htruc
645 3762 743 3848 igitar
763 3764 1001 3850 impugnaturus
1023 3768 1185 3833 Bentleius
1213 3794 1292 3839 cum
1316 3777 1410 3842 noris
1426 3795 1471 3836 cn·

156 3856 200 3917 ris
223 3853 399 3934 Epistulam
429 3850 569 3916 criticam
598 3876 715 3939 erigere
741 3869 771 3920 et
799 3861 965 3924 emendare
990 3861 1168 3940 statuisset,
1205 3888 1287 3933 casu
1314 3866 1471 3954 deperditis

157 3947 380 4011 collationibus
402 3945 485 4021 suis,
513 3949 676 4012 consilium
703 3949 780 4014 iilud
809 3954 941 4036 exsequi
968 3976 1032 4019 non
1054 3957 1171 4037 potuit.
1220 3963 1345 4049 Itaque
1367 3968 1471 4029 dmum

156 4041 189 4102 iu
214 4051 327 4122 quarta
349 4040 412 4102 Ed.
435 4040 608 4106 Davisiaua
626 4047 777 4126 repetitae
798 4058 870 4108 stant
892 4047 958 4111 sine
977 4048 1211 4116 additamentis.
1260 4058 1363 4121 Nulla
1386 4067 1471 4121 anm

160 4132 425 4291 iihnlicffiaqimr
456 4134 618 4198 Davisiam
641 4147 674 4198 et
697 4138 874 4202 Bentlciuin
898 4154 1020 4206 versata
1044 4156 1104 4209 est.
1149 4145 1229 4212 cfr.
1255 4151 1376 4217 Woiiii
1391 4148 1473 4217 Ant.

196 4270 205 4289 .
243 4250 302 4309 .p.
361 4271 369 4287 .

160 4325 487 4484 Acapfiagldlq‘qo
516 4328 579 4393 lll.
611 4330 741 4395 auctior
772 4335 807 4397 et
840 4333 1053 4402 emendatior.
1100 4332 1371 4435 cantabrigiae,
1400 4343 1474 4433 typis

244 4507 297 4568 Ad
314 4509 394 4570 hanc
411 4508 633 4615 elaborandam
649 4513 757 4577 decern
773 4511 879 4580 coda.
899 4538 974 4585 astu
993 4530 1054 4584 est.
1091 4521 1190 4589 Auno
1211 4539 1373 4612 sequente
1395 4527 1471 4592 1111.

160 4609 304 4660 rnoctuus
326 4611 377 4665 cst
395 4603 556 4668 Davisius.

242 4687 271 4740 i*
297 4722 333 4736 -
364 4698 477 4767 lldltlo
500 4700 558 4768 tv.
600 4702 776 4774 decedant
797 4706 894 4776 lilela
914 4711 1059 4778 Bentleii
1088 4715 1359 4791 emendationes.
1397 4715 1469 4799 laid,

158 4789 250 4876 typis
273 4789 379 4860 Aead.
403 4792 524 4875 1788.
560 4798 595 4862 8.
