3218 5310
626 273 864 339 HISTORIA.
1368 271 1409 335 03

75 416 116 479 de
136 414 340 480 Rhodiorum
359 414 508 496 praemiis
528 428 676 491 venerat,
702 437 831 498 operam
854 414 995 489 dedisse,
1020 413 1061 477 ait
1080 413 1111 475 in
1133 415 1236 477 Bruto
1257 434 1329 495 cap.
1354 414 1407 477 90.

74 511 153 574 Hoc
173 530 304 592 quoque
326 521 472 591 tempore
493 508 554 574 Cn.
574 510 765 591 Pompeius,
790 511 877 573 hello
900 510 931 573 in
950 509 1064 575 Africa
1083 509 1220 572 maximo
1242 509 1405 584 consecto,

74 604 234 668 victorem
255 604 428 666 exereitum
448 603 649 682 deportavit:
682 616 715 666 ut
732 604 774 665 ait
794 603 911 668 Cicero
933 625 995 687 pro
1017 601 1089 688 lege
1111 602 1242 666 Manilia
1264 625 1334 685 cap.
1355 603 1408 667 21.

75 694 233 780 Intelligit
254 708 357 760 autem
384 698 500 760 bellum
524 708 647 778 gestum
674 720 743 759 cnm
760 698 904 764 Domitio
931 710 962 761 et
986 699 1100 763 Hierta
1124 697 1289 761 Numidiae
1315 719 1405 782 rege,
1495 690 1499 711 ³

74 813 142 878 quo
172 794 212 853 de
236 790 374 856 Orosius
400 792 484 857 libro
508 793 553 854 V.
583 813 654 873 cap.
678 794 750 859 21.;
780 804 874 876 atque
902 814 943 855 cx
971 791 1081 855 Africa
1104 790 1276 871 Pompeius
1306 792 1409 852 adhuc

74 906 175 970 eques
205 885 424 968 triumphavit.
477 886 587 949 Miror
616 897 720 948 autem
749 887 941 968 Eutropium
971 887 1027 948 lib.
1054 887 1100 948 V.
1132 896 1216 948 extr.
1243 885 1405 959 scribere,

74 978 268 1060 Pompeium
297 990 373 1041 tunc
401 993 546 1064 quartum
572 993 603 1043 et
629 981 813 1059 vigesimum
840 1003 952 1042 aunum
978 981 1098 1064 egisse,
1133 1002 1203 1041 cum
1231 979 1281 1043 M.
1309 977 1408 1042 'tullii

76 1073 352 1156 aequalis-luerit,
377 1087 410 1137 ut
425 1096 465 1139 ex
483 1074 651 1140 Ciceronis
667 1075 769 1139 Bruto
787 1097 857 1154 cap.
873 1075 926 1138 68.
944 1087 975 1137 et
987 1074 1118 1138 Velleio
1137 1073 1192 1136 lib.
1205 1074 1251 1138 ll.
1267 1095 1338 1155 cap.
1352 1073 1405 1136 53.

77 1180 188 1233 notnm
212 1180 279 1240 est,
303 1183 334 1232 et
360 1190 418 1231 nos
440 1192 536 1253 supra
563 1171 601 1231 ad
625 1190 654 1231 a.
673 1167 887 1232 DCXLVll.
910 1168 1140 1232 admonuimus.
1186 1169 1308 1230 Eodem
1330 1178 1408 1228 tem·

76 1283 160 1345 pore
184 1262 228 1324 L.
252 1262 340 1325 Sulla
366 1264 537 1326 Murenam
566 1285 605 1326 ex
634 1263 711 1324 Asia
737 1263 919 1337 revocavit,
962 1275 994 1324 ut
1011 1262 1061 1325 ,ait
1085 1261 1156 1325 Cic.
1179 1261 1210 1325 in
1234 1260 1407 1324 Maniliana

78 1377 149 1438 eap.
175 1355 208 1418 3.
255 1357 391 1419 Murena
422 1377 572 1420 reversus
601 1357 790 1438 amplissime
820 1371 914 1441 atquc
941 1355 1159 1421 honestissime
1189 1375 1229 1419 ex
1258 1367 1408 1439 praetura

77 1449 308 1534 triumphavit:
331 1450 361 1512 iu
381 1450 475 1515 Orat.
496 1472 558 1532 pro
579 1452 717 1513 lllurcna
741 1473 812 1534 cap.
836 1455 866 1514 7.

76 1688 182 1751 Anno
202 1683 316 1768 igitur
335 1684 378 1747 ab
401 1687 442 1748 U.
462 1687 500 1750 C.
516 1687 745 1754 DCLXXHI.
771 1686 945 1755 Ciceronis
964 1689 1116 1754 XXVII.
1144 1707 1234 1749 eoas.
1254 1683 1408 1771 ficerunt

147 1827 191 1902 u.
220 1802 505 1906 conuentus
533 1827 698 1906 sunna
724 1830 877 1907 fenix
903 1831 973 1926 u,
1001 1829 1046 1930 Q.
1075 1826 1341 1904 electurus
1392 1894 1396 1903 .

530 1941 798 2020 meremus
826 1940 956 2019 erus.
1425 1943 1429 1953 ·

161 2098 291 2161 Horum
311 2098 475 2160 consulum
496 2098 634 2160 meminit
651 2097 769 2162 Cicero
791 2098 929 2162 Verriua
949 2097 1041 2161 tertia
1068 2120 1138 2179 cap.
1160 2099 1213 2161 50.
1233 2108 1265 2159 et
1284 2094 1407 2160 Gellius
1461 2094 1470 2106 “

76 2190 162 2256 libro
175 2192 258 2256 XV.
282 2191 431 2274 capas„
452 2193 505 2255 uhi
525 2192 654 2268 scribit,
681 2192 868 2257 Ciceronem
886 2193 934 2254 his
953 2192 1136 2256 consulibus
1155 2192 1230 2254 Sex.
1253 2189 1407 2253 Roscium

77 2286 241 2369 parricidii
259 2308 344 2349 rcum
367 2286 559 2349 defendisse:
585 2298 615 2349 et
635 2287 736 2360 addit,
761 2288 960 2349 Fenestellae
979 2308 1123 2350 errorem
1147 2297 1287 2348 notatum
1307 2283 1405 2346 fnisse

77 2405 93 2442 a
113 2381 276 2456 Pediano,
308 2383 394 2464 quod
417 2379 596 2461 scripsisset
616 2380 805 2445 Ciceronem
828 2392 923 2445 sexto
950 2393 983 2444 et
1004 2379 1160 2464 vigesimo
1185 2377 1296 2461 aetatis
1321 2397 1404 2441 anno

76 2496 139 2558 pro
159 2477 238 2538 Sex.
259 2474 380 2539 Roscio
402 2472 534 2537 dixisse.
579 2476 680 2554 Quem
706 2477 903 2539 Fenestellae
934 2495 1077 2538 errorem
1106 2472 1287 2538 Corradum
1311 2469 1407 2534 alids·

77 2593 140 2656 qne
169 2568 260 2635 viros
286 2574 400 2635 doctos
424 2571 531 2652 potins
555 2569 717 2653 amplecti,
747 2592 840 2652 quam
861 2567 994 2632 Asconii
1014 2581 1045 2630 et
1069 2567 1165 2631 Gellii
1183 2565 1405 2628 auctoritatem

76 2664 184 2745 sequi,
215 2663 360 2748 equidem
385 2664 499 2729 miror:
531 2686 600 2727 cum
624 2666 810 2745 praesertim
837 2663 1048 2744 Quintilianus
1069 2663 1152 2725 lihro
1173 2659 1256 2722 Xll.
1281 2680 1352 2739 cap.
1371 2662 1403 2721 0.

75 2759 215 2833 scribat,
244 2757 433 2822 Ciceronem
459 2781 516 2821 sex
541 2772 572 2822 et
595 2761 676 2824 XX.
701 2781 799 2822 annos
823 2772 929 2821 uatum
947 2779 1009 2840 pro
1028 2759 1105 2820 Sex.
1128 2756 1249 2822 Roscio
1268 2754 1404 2828 dixisse;

76 2876 132 2919 eos
146 2874 228 2917 vero
241 2864 313 2916 ante
326 2854 391 2918 Ill.
415 2854 526 2917 Nonas
544 2852 704 2917 lanuarias
721 2851 812 2916 huius
831 2853 904 2915 anni
921 2864 1012 2915 natus
1031 2873 1093 2915 non
1111 2851 1182 2915 luit.
1207 2848 1283 2933 Egit
1301 2861 1405 2910 tamen
1478 2869 1482 2886 ·

75 2949 195 3029 opinor
216 2947 297 3009 hanc
314 2969 440 3010 eausam
459 2945 490 3010 in
511 2946 668 3029 principio
686 2946 772 3012 anui.
815 2949 915 3021 Nam,
946 2959 979 3009 ut
1003 2968 1043 3010 ex
1062 2945 1206 3007 oratione
1226 2945 1292 3025 ipsa
1312 2943 1406 3005 intel·

76 3041 206 3126 ligitur,
231 3040 262 3104 in
284 3042 353 3123 lege
377 3042 415 3103 dc
432 3043 669 3123 proscriptione
689 3031 786 3114 erat,
805 3054 838 3105 ut
857 3064 940 3106 anno
959 3040 1126 3123 superiore
1146 3041 1184 3100 ad
1206 3039 1279 3106 Kal.
1298 3035 1405 3099 Iunias

76 3134 333 3218 proscriptiones
359 3135 621 3219 venditionesque
644 3136 773 3200 fierent:
804 3158 835 3198 e.
857 3138 910 3199 ll.
956 3135 1094 3198 Roscius
1113 3144 1216 3194 autem
1240 3142 1330 3213 pater
1349 3130 1406 3192 ali·

77 3241 156 3314 quot
175 3232 252 3311 post
270 3248 392 3290 menses
407 3229 529 3292 Romae
546 3229 670 3292 occisus
689 3241 747 3304 cst,
766 3231 861 3303 ibid.;
882 3250 982 3313 eaque
999 3248 1050 3289 res
1067 3226 1235 3310 quatriduo
1251 3223 1406 3302 adChry-

78 3341 237 3405 sogonum
262 3321 294 3384 in
317 3332 421 3382 eastra
439 3321 544 3384 Sullae
563 3322 753 3386 Volaterras
775 3325 880 3406 (qnod
901 3322 1052 3403 oppidum
1077 3322 1242 3384 obsessum
1263 3318 1350 3381 Sulla
1373 3315 1406 3377 in

78 3414 268 3479 deditionem
292 3415 425 3496 aceepit.
472 3415 582 3478 Livius
607 3417 680 3478 libr.
704 3418 923 3494 LXXXlX.)
951 3415 1051 3476 delata
1079 3425 1125 3476 est
1148 3435 1220 3494 cap.
1242 3418 1272 3474 7.
1297 3421 1328 3473 et
1351 3411 1405 3473 37.
1463 3426 1467 3433 '

79 3511 170 3573 Bona
188 3508 300 3574 Roscii
326 3521 482 3594 tamquam
512 3508 684 3592 proscripti
706 3508 844 3594 ideoque
862 3509 977 3584 occisi,
1008 3513 1061 3588 (ut
1082 3507 1272 3571 Plutarchus
1293 3502 1407 3580 tradit)

80 3602 166 3665 Sulla
184 3603 294 3666 hastae
313 3603 460 3678 subiecit,
490 3614 521 3664 ct
541 3602 776 3686 Chrysogonus
798 3604 863 3666 eius
880 3604 1011 3665 libertus
1029 3605 1153 3664 duolms
1173 3599 1295 3661 milibus
1318 3618 1407 3660 nnm-

79 3718 161 3758 mrem
179 3694 269 3771 emit3
300 3716 371 3757 eum
390 3694 449 3784 iam
472 3696 715 3778 proscriptionis
739 3698 853 3761 tuentio
876 3700 960 3760 nulla
980 3698 1088 3773 lieret,
1121 3717 1190 3757 cum
1211 3694 1319 3766 ctiam,
1354 3691 1408 3773 qui

76 3801 167 3854 antea
189 3800 382 3863 metuerant,
415 3790 553 3852 redirent
576 3812 612 3852 ac
633 3791 691 3852 iam
716 3793 881 3855 defunctos
909 3813 978 3854 sese
997 3791 1143 3874 perieulis
1163 3788 1404 3858 arbitrarentur,

76 3905 147 3966 cap.
168 3883 203 3945 8.
248 3882 311 3945 Sed
340 3905 410 3945 eum
440 3884 521 3946 lilius
551 3882 696 3968 idemque
722 3888 814 3949 heres
840 3885 951 3949 Roscii
978 3888 1064 3948 bona
1091 3882 1188 3964 patris
1215 3879 1256 3940 ita
1281 3877 1408 3939 vendita

75 3999 144 4041 esse
170 3999 269 4062 aegre
296 3977 395 4040 lerret
425 3998 524 4060 eaque
551 3977 697 4062 sexagies
723 4002 791 4042 esse
821 3982 1069 4053 demonstraret,
1101 3975 1185 4037 Sulla
1215 3971 1350 4054 coargui
1374 3992 1408 4034 se

74 4070 219 4154 graviter
236 4070 307 4132 tulit
324 4081 355 4132 et
376 4070 487 4134 Roscii
507 4071 563 4133 lilii
581 4089 695 4135 nomen
716 4095 816 4155 opera
837 4073 1047 4157 Chrysogoni
1066 4073 1105 4134 de
1126 4063 1299 4149 parricidio
1319 4064 1406 4126 delc-

74 4165 205 4228 rendum
230 4164 373 4239 curarit,
408 4185 481 4246 cap.
507 4168 558 4227 10.
604 4164 686 4230 Cum
717 4169 830 4232 Roscii
854 4167 1064 4250 patrocinium
1092 4166 1133 4225 ob
1158 4160 1264 4222 Sullae
1291 4170 1406 4220 metum

76 4279 169 4323 nemo
185 4257 378 4339 susciperet,
403 4260 585 4322 adolescens
602 4262 641 4321 ah
658 4261 803 4324 omnihus
819 4266 961 4327 desertus
980 4264 1019 4323 ad
1032 4259 1223 4324 Ciceronem
1238 4253 1407 4336 ,eontrrgin

77 4373 170 4437 quem
201 4351 292 4414 amici
318 4373 447 4436 quoque
476 4355 516 4416 ad
544 4375 632 4416 rcum
658 4354 885 4418 delendendnm
916 4357 1188 4422 cohortabantur,
1226 4369 1295 4409 cnm
1323 4347 1408 4408 aliud

77 4444 273 4530 splendidius
297 4458 349 4509 aut
374 4447 567 4529 praeclarius
594 4447 717 4531 gloriae
744 4449 862 4511 initium
893 4451 1009 4511 hahere
1034 4466 1096 4507 non
1118 4453 1239 4524 posset.
1287 4439 1406 4506 Cicero

79 4541 176 4627 igitur
195 4541 380 4603 adolescens
399 4554 511 4606 contra
530 4543 574 4607 1..
595 4543 701 4606 Sullae
726 4542 914 4605 dominantis
937 4561 1014 4623 opes
1037 4543 1113 4601 Sex.
1137 4536 1290 4601 Roscium
1310 4537 1408 4598 Ame-

79 4636 181 4698 rinum
202 4635 355 4710 defendit,
379 4635 436 4698 lib.
449 4636 498 4700 ll.
517 4657 588 4719 cap.
609 4639 661 4700 ld.
681 4639 719 4700 de
732 4637 864 4700 Ollieiis.
893 4633 1095 4699 Dcl'ensionis
1115 4631 1216 4713 capita
1234 4628 1294 4690 tria
1311 4639 1404 4691 sunt:

80 4730 109 4793 in
129 4727 238 4814 primo
256 4728 417 4812 parricidii
436 4729 553 4794 crimen
576 4731 660 4796 salso
678 4731 835 4795 obiectum
855 4729 951 4793 luisse
970 4728 1090 4793 Roscio
1115 4724 1219 4789 multis
1239 4742 1407 4806 argumen-
1440 4734 1442 4740 '

79 4823 116 4888 tis
141 4822 327 4890 convincit:
355 4827 527 4889 secundum
552 4837 599 4890 cst
623 4829 661 4890 de
684 4825 812 4889 audacia
836 4826 970 4888 duorum
996 4820 1207 4901 Rosciorum,
1239 4821 1405 4904 Capitonis
1530 4872 1535 4881 ,
