3218 5310
144 187 184 251 n
289 240 298 259 ,
451 252 456 271 ,
563 178 1078 247 M.renn11crcau0nrs

137 327 202 402 bit,
234 327 358 392 Milone
387 338 420 390 et
446 323 631 408 quibusdam
661 323 738 387 trib.
762 324 806 406 pl.
835 322 1006 396 adhibitis,
1035 322 1065 385 in
1089 320 1285 405 Capitolium
1315 325 1406 390 venit
1434 338 1469 393 et

138 423 262 486 tabulas
292 425 330 485 de
360 419 473 484 exsilio
503 441 561 483 suo
594 417 751 482 aClodio
781 418 856 479 trib.
888 418 934 499 pl.
965 418 1046 479 lixas
1073 417 1198 482 deiecit.
1243 418 1308 482 Sed
1331 417 1469 485 Clodius

138 501 323 580 cumfratre
339 514 439 590 Caio,
465 513 520 597 qui
541 525 673 595 praetor
695 521 782 586 erat,
807 510 1017 573 interveniens
1033 531 1084 573 eas
1100 523 1164 573 tum
1181 510 1309 592 eripuit.
1344 514 1470 578 Postea

139 631 222 674 vero
252 612 421 672 observata
449 606 556 671 Clodii
584 604 724 669 absentia
751 627 862 668 rursus
888 605 920 668 in
944 604 1135 686 Capitolium
1160 607 1299 669 ascendit
1320 618 1352 669 et
1376 609 1470 671 tabu·

141 704 186 766 las
208 703 280 766 inde
303 701 421 763 ablatas
444 702 569 764 domium
592 720 680 761 suam
703 698 892 780 asportavit.
936 698 1032 778 Quod
1054 697 1171 760 lactina
1187 718 1205 760 a
1223 696 1340 763 Clodio
1355 722 1469 785 repre·

137 799 267 860 hensum
291 818 361 858 crim
385 794 509 857 Tullius
532 795 562 856 in
584 805 717 868 senatu,
742 804 776 854 ut
798 792 989 856 Plutarchus
1012 813 1041 853 c.
1059 792 1113 853 34.
1136 803 1265 868 narrat,
1289 794 1337 857 sic
1359 795 1470 859 detea-

142 893 248 964 dcrct,
280 900 315 951 ut
337 887 456 951 diceret
479 886 627 951 Clodium
650 900 762 950 contra
784 888 871 972 leges
894 908 911 948 e
935 884 1072 968 patriciis
1095 889 1134 948 ad
1155 885 1281 968 piebem
1306 889 1470 953 transiisse

140 985 279 1068 ideoque
303 981 379 1044 nihil
401 978 529 1057 eornm,
563 1001 645 1066 quae
668 982 837 1065 gessisset,
868 991 972 1044 ratum
993 980 1169 1043 babendum
1193 1000 1283 1057 esse,
1313 979 1400 1048 Cato
1419 982 1469 1047 in·

142 1077 286 1161 dignatus
310 1076 355 1139 illi
376 1074 586 1151 contradixit,
617 1096 681 1138 non
709 1079 794 1160 quod
819 1074 967 1140 Cledlurn
997 1073 1157 1148 laudaret,
1187 1073 1277 1138 errius
1299 1086 1370 1139 acta
1394 1079 1469 1141 ode·

112 1173 115 1183 ’
140 1183 208 1246 rat,
238 1173 294 1234 sed
315 1191 414 1255 grave
436 1181 467 1233 et
489 1169 661 1232 violentum
684 1191 754 1233 esse
775 1170 983 1232 confirmabat
1005 1179 1054 1231 tot
1076 1170 1200 1231 decreta
1230 1179 1264 1230 et
1284 1190 1337 1233 rea
1360 1180 1466 1253 gestas

141 1275 266 1327 senatus
289 1263 437 1329 consulte
459 1263 548 1339 tolli,
581 1263 749 1347 inquibus
771 1275 876 1327 essent
897 1262 988 1326 etiarn
1012 1282 1066 1339 ea,
1103 1282 1184 1346 quae
1204 1260 1275 1344 ipse
1297 1262 1329 1326 in
1352 1258 1467 1347 Cypro

141 1369 173 1421 et
193 1357 339 1438 Byzantii
362 1356 530 1441 gessisset3
562 1359 600 1420 de
630 1357 742 1440 quibus
776 1359 870 1419 rebus
903 1367 1032 1438 praeter
1063 1354 1237 1419 historicos
1260 1354 1382 1423 Cicero
1407 1378 1468 1441 pro

142 1453 238 1516 derne
261 1473 291 1513 c.
308 1450 340 1512 8.
367 1463 398 1512 et
417 1450 490 1525 25„
515 1449 547 1511 in
569 1449 710 1512 Sestiana
736 1473 807 1532 cap.
824 1450 877 1513 78.
900 1471 969 1532 seq.
993 1461 1025 1512 et
1045 1448 1134 1512 alibi.
1177 1450 1253 1512 Hoc
1275 1450 1369 1514 etiarn
1389 1462 1490 1515 tem·.

142 1564 225 1629 pore
247 1555 350 1606 actum
372 1543 404 1606 in
427 1556 537 1606 senatu
559 1542 622 1605 snit
642 1546 680 1606 de
693 1533 854 1626 ¹stipendio
874 1545 1032 1607 exercitus
1048 1541 1216 1607 Caesarine
1238 1542 1335 1628 idque
1350 1542 1467 1610 Cicero

144 1659 179 1702 sa
200 1658 265 1700 non
288 1637 391 1700 solum
415 1636 613 1713 decrevisse,
638 1639 693 1700 scd
717 1637 829 1713 etiarn,
860 1648 895 1700 ut
918 1637 970 1700 alii
993 1638 1217 1709 decernerent,
1241 1638 1407 1703 laborasse
1427 1637 1470 1702 ait

144 1730 176 1794 in
199 1742 283 1794 orat.
310 1734 348 1794 dc
371 1730 544 1813 provinciis
567 1751 652 1796 coss.
677 1753 749 1814 cap.
767 1735 819 1796 tt.
858 1729 1010 1814 Stipendii
1029 1728 1148 1792 decreti
1168 1729 1306 1793 meminit
1324 1730 1421 1812 epist.
1436 1734 1467 1795 7.

143 1825 202 1888 lib.
226 1826 255 1888 I.
280 1827 319 1887 ad
342 1826 453 1900 Farn.,
485 1825 539 1888 nbi
560 1837 592 1887 et
613 1827 780 1889 dedecem
805 1825 929 1909 legatis.
974 1823 1025 1888 De
1053 1822 1167 1908 quibus
1197 1822 1243 1886 sic
1270 1823 1301 1885 in
1323 1824 1468 1889 oratione

144 1921 182 1982 de
210 1917 385 2002 provinciis
414 1920 524 1980 eodem
548 1940 636 2000 eap.:
682 1924 808 1984 Actum
834 1932 884 1984 eat
911 1920 952 1982 de
982 1919 1098 1980 decem
1123 1916 1267 2000 legatis:
1294 1939 1381 2002 qrcos
1408 1916 1470 1980 alii

143 2013 282 2077 omnino
300 2033 370 2075 non
391 2011 538 2083 <labante
566 2011 629 2073 clii
648 2017 810 2096 exempla
829 2012 1054 2098 quaerebant5
1086 2009 1147 2072 olii
1171 2021 1307 2093 temptes
1326 2007 1468 2098 differe·

143 2107 243 2178 bant,·
264 2106 326 2167 alii
347 2105 422 2168 sine
443 2105 524 2168 ullis
544 2105 724 2169 verborum
744 2106 958 2170 ornamentis
976 2105 1115 2168 dabant.
1152 2107 1193 2169 In
1215 2125 1258 2166 ea
1277 2126 1467 2191 quoquere

144 2200 194 2262 sic
222 2219 300 2261 sum
329 2202 481 2272 locutus,
510 2209 549 2259 ast
577 2219 695 2261 omnes
720 2201 948 2280 intelligerent
971 2221 1022 2262 me
1044 2199 1098 2272 id,
1130 2199 1223 2282 quod
1242 2186 1468 2281 reipublicae

141 2312 249 2357 cerna
268 2293 449 2367 sentirem,
462 2289 595 2383 facere
618 2293 756 2355 uberius
775 2305 920 2375 propter
939 2293 1049 2374 ipsius
1067 2292 1226 2357 Caesaris
1246 2283 1468 2376 dignitatemr

144 2398 177 2451 et
196 2408 259 2469 prp
281 2388 386 2451 Balbo
417 2408 447 2449 c.
472 2388 546 2449 27.:
576 2388 671 2452 Idem
693 2387 728 2449 in
750 2387 923 2468 angustiis
944 2387 1075 2449 aerarii
1097 2386 1258 2448 uictorem
1276 2386 1469 2450 exercitum

143 2480 315 2565 stipendio
340 2479 477 2567 affecit·
509 2480 715 2561 imperatori
743 2481 856 2544 elecem
884 2482 1017 2564 legatos
1045 2480 1204 2543 decreuit.
1257 2480 1330 2542 Hos
1361 2481 1467 2542 decem

142 2575 268 2657 legatos
288 2594 304 2635 a
318 2572 425 2637 Dione
447 2573 583 2657 intelligi
597 2584 697 2655 puto,
723 2596 791 2636 cum
811 2576 849 2634 de
864 2575 1041 2637 honoribus
1057 2572 1188 2638 Caesari
1203 2572 1321 2637 habitis
1336 2571 1466 2636 scribit:

144 2668 339 2747 (XXXIX.
352 2667 419 2744 25.)
453 2658 533 2732 ὥστε
554 2673 610 2732 καὶ
630 2668 664 2731 ἐκ
685 2668 742 2746 τῆς
762 2668 885 2751 βουλῆς
906 2664 1030 2754 ἄνδρας
1058 2662 1100 2744 ὠς
1122 2671 1178 2731 καὶ
1192 2668 1250 2755 ,ἐπὶ
1272 2661 1470 2755 (δεδουλωμέ-

144 2785 215 2838 νοις
234 2760 398 2837 παντελῶς
419 2765 488 2837 τοῖς
508 2755 677 2838 Γαλάταις
698 2756 899 2827 ἀποστεῖλαι.
942 2762 1023 2823 Nam
1046 2781 1081 2822 re
1104 2762 1183 2822 bene
1205 2770 1317 2844 gesta,
1343 2760 1469 2843 dispen-

145 2857 260 2917 sandae
273 2855 590 2936 cohonestandaeque
600 2853 766 2927 victoriae,
778 2855 959 2917 utlllanlius
968 2855 1052 2934 apud
1061 2853 1189 2915 Livium
1200 2853 1258 2915 lib.
1268 2854 1469 2919 XXXVIII.

144 2969 176 3009 e.
194 2949 246 3010 ll.
271 2947 331 3020 ait,
355 2945 601 3027 imperatoribus
623 2949 727 3009 decem
744 2947 840 3031 legati
854 2950 1116 3011 decernebantur.
1156 2949 1200 3011 A.
1219 2945 1392 3024 Gabinius,
1416 2949 1469 3033 qui

145 3039 268 3120 Syriam
289 3060 349 3121 pro
373 3041 503 3103 consule
527 3043 668 3116 tenebat,
693 3041 725 3104 in
741 3042 918 3106 Palaestina
941 3063 977 3104 re
999 3042 1079 3105 benc
1100 3054 1189 3125 gesta
1212 3052 1324 3104 contra
1340 3040 1468 3105 Aristo·

145 3131 211 3195 buli
233 3131 330 3195 lilium
351 3135 568 3197 Alexandrum
591 3133 755 3216 ipsumque
777 3136 1020 3210 Aristobnlum,
1045 3146 1079 3198 ut
1100 3135 1259 3217 Iosephus
1284 3133 1343 3197 lib.
1365 3134 1466 3200 XIV.

144 3225 377 3307 Antiquitatum
401 3226 526 3300 scribit,
551 3227 669 3290 litteras
690 3231 824 3292 Romam
846 3229 944 3304 misit,
970 3231 1083 3313 quibus
1104 3241 1135 3291 et
1158 3251 1224 3291 rem
1248 3229 1327 3290 bene
1348 3239 1468 3313 gestam

144 3320 176 3383 in
201 3320 287 3383 bello
314 3319 470 3382 nrtntiavit
491 3332 524 3382 et
546 3321 808 3402 supplicationem
835 3344 852 3385 a
874 3334 983 3385 senatu
1005 3322 1191 3404 postulavit.
1236 3323 1345 3387 Idibus
1370 3319 1468 3385 Maiis

145 3422 272 3474 senatus
299 3410 451 3493 frequens
479 3413 744 3495 supplicationem
769 3417 907 3481 Gabinio
934 3415 1123 3499 denegavit3
1158 3415 1253 3498 epist.
1279 3419 1310 3478 7.
1339 3414 1398 3478 lib.
1422 3414 1467 3479 Il.

145 3507 184 3567 ad
206 3503 249 3583 Q.
266 3504 429 3579 Fratrem,
454 3507 491 3568 dc
515 3507 689 3587 provinciis
714 3529 782 3572 cos.
807 3529 879 3591 cap.
896 3510 927 3571 ό.
950 3522 981 3572 et
1000 3510 1030 3571 in
1047 3509 1197 3574 Pisonem
1218 3530 1290 3591 cap.
1309 3513 1361 3572 17.
1378 3530 1470 3593 seqq.

143 3599 287 3671 Deinde,
318 3618 387 3658 cum
417 3598 602 3679 provinciae
630 3602 812 3665 consulares
837 3602 953 3665 luteris
979 3602 1162 3667 consulibus
1185 3604 1256 3686 lege
1278 3603 1469 3685 Sempronia

145 3693 505 3767 essentdeeernendac,
529 3694 614 3756 utin
638 3708 933 3778 argrtmcntoorat.
958 3700 996 3760 de
1017 3696 1191 3778 provinciis
1214 3695 1350 3778 scripsi,
1375 3696 1469 3759 etde

144 3798 297 3870 quattuor
324 3785 497 3866 provinciis
526 3789 699 3852 sententiae
728 3790 829 3851 dictae
858 3801 978 3865 essent,
1007 3793 1046 3852 de
1073 3789 1183 3870 Syria,
1215 3789 1410 3855 Macedonia
1437 3801 1496 3858 et.

145 3882 265 3943 duabus
295 3879 426 3954 Galliis,
456 3882 510 3943 M.
542 3882 666 3943 Tullius
702 3895 834 3966 rogatus
870 3883 1053 3946 sententiam
1089 3883 1285 3958 orationem,
1317 3905 1401 3968 quae
1430 3884 1469 3947 de

144 3973 319 4054 provinciis
342 3974 562 4038 consularibus
584 3987 706 4051 exstat,
731 3976 762 4037 in
786 3987 893 4038 senatu
916 3977 1041 4051 babuit;
1064 3976 1096 4040 in
1118 3998 1179 4061 qna
1201 3979 1330 4052 suadet,
1355 3982 1389 4040 ut
1408 3980 1469 4057 sy·

144 4064 192 4128 ria
215 4079 246 4130 et
267 4066 460 4131 Macedonia
478 4067 596 4131 suturis
619 4069 802 4134 consulibus
825 4074 1033 4134 decernantnr
1054 4083 1086 4132 et
1107 4071 1230 4134 Galliae
1250 4065 1382 4135 Caesari
1404 4090 1470 4136 non

146 4158 333 4223 adimantur.
385 4163 471 4224 Ante
502 4161 678 4226 orationem
707 4166 745 4225 de
771 4164 947 4246 provinciis
974 4164 1123 4231 inlibris
1155 4163 1321 4229 Ciceronis
1352 4164 1469 4249 legitur

146 4247 338 4314 Corneliana
357 4275 419 4335 pro
439 4255 483 4316 L.
502 4253 656 4319 Cornelio
672 4257 792 4334 Balbo,
818 4280 911 4343 qnam
933 4260 997 4323 boe
1019 4278 1136 4321 annea
1156 4260 1207 4322 M.
1224 4258 1334 4322 Tullio
1357 4257 1470 4322 dicum

145 4361 215 4403 esse
237 4363 278 4403 ex
300 4365 338 4405 eo
358 4346 522 4429 suspicor,
547 4351 634 4432 qnod
656 4352 694 4413 de
717 4351 967 4434 supplicatione,
993 4351 1151 4434 stipendio
1175 4363 1207 4415 et
1230 4354 1336 4415 decem
1356 4350 1469 4436 legatis

147 4445 287 4497 extrema
311 4437 379 4499 lere
402 4441 546 4506 oratione
566 4443 693 4507 dieitur.
733 4448 781 4510 Ea
803 4446 884 4511 chien
907 4448 971 4511 bec
993 4468 1076 4510 anno
1096 4446 1229 4512 Caesari
1251 4450 1379 4510 decreta
1400 4466 1469 4511 esse

146 4548 211 4591 non
234 4528 335 4590 solum
360 4532 465 4598 oratio
488 4538 526 4600 de
548 4538 721 4621 provinciis
742 4542 853 4617 docet',
879 4561 989 4603 verum
1012 4541 1105 4604 etiam
1128 4541 1223 4624 epist.
1244 4542 1276 4604 7.
1300 4540 1360 4606 lib.
1376 4541 1408 4605 Ι.
1431 4540 1470 4603 ad

147 4621 341 4685 Lentulum:
372 4648 463 4709 qnam
492 4635 613 4696 tametsi
640 4634 727 4697 docti
751 4633 875 4716 quidam
897 4636 936 4696 ad
958 4639 1127 4700 secundum
1150 4634 1345 4700 consulatum
1370 4634 1470 4700 Pom·

147 4714 211 4798 peii
233 4726 265 4779 et
288 4714 397 4782 Crassi
414 4721 571 4803 referunt,
594 4738 697 4792 tamen
716 4730 780 4792 hec
801 4748 884 4792 anno
905 4729 1056 4814 scriptam
1079 4751 1149 4794 esse
1172 4730 1294 4815 arguit,
1318 4728 1409 4814 quod
1427 4728 1471 4793 1..
