3218 5310
139 216 200 279 102
559 219 610 282 M.
637 215 799 281 TULLII
824 214 1082 283 CICERONIS

137 358 305 436 Minerva,
337 369 448 425 eustos
474 358 582 436 urbis,
617 358 855 431 restitueretur3
892 356 988 440 epist.
1019 358 1073 422 25.
1098 356 1155 421 lib.
1179 358 1266 426 XII.
1288 362 1329 423 ad
1352 360 1469 428 Pamil.

138 454 262 519 Deinde
284 454 369 517 illata
391 452 479 535 pacis
503 451 660 517 mentione
684 452 723 514 ab
748 450 881 516 Antonii
903 451 1011 515 anricis
1034 462 1160 515 senatus
1185 452 1308 537 legatos
1331 456 1372 517 ad
1402 476 1471 520 eum

139 547 282 613 decrerit
304 548 358 611 M.
383 546 573 612 Ciceronem
601 558 632 610 et
660 548 703 611 P.
726 544 911 608 Servilium.
965 548 1047 620 Sed,
1082 567 1151 608 eum
1178 568 1247 610 eam
1276 546 1470 633 legationem

137 647 258 708 frustra
280 643 354 706 fore
376 640 495 706 Cicero
518 641 660 717 videret,
683 639 796 702 habuit
816 638 848 701 in
870 637 980 702 senatu
1003 638 1213 723 Philippicam
1236 642 1468 717 duodecimam,

135 739 167 801 in
192 758 254 819 qua
275 736 468 821 legationem
491 736 647 799 dissuadet
670 754 768 819 seque
791 735 829 796 ad
853 755 920 796 eam
945 735 1120 797 obeundam
1142 732 1292 799 idoneum
1314 756 1382 799 non
1402 756 1471 801 esse

137 836 346 897 demonstrat.
399 829 546 893 Meminit
575 827 669 890 liuius
699 828 870 910 legationis
899 827 965 891 Dio
993 848 1123 911 qtroque
1150 828 1208 892 lib.
1237 828 1470 906 nvn-tt.

137 908 242 994 Pansa
273 925 382 989 deinde
404 924 494 988 initio
522 923 636 986 merrsis
665 921 809 1005 Aprilis,
841 932 874 982 ut
904 918 1063 996 arbitror,
1095 922 1133 982 ad
1159 920 1276 985 belluna
1298 922 1469 1005 prolecto,

139 1022 193 1086 M.
217 1019 373 1085 Aemilius
396 1018 537 1100 Lepidus
564 1016 656 1100 (qui,
692 1027 823 1078 auctore
853 1014 1027 1078 Paterculo
1057 1012 1114 1077 lib.
1139 1014 1190 1078 11.
1212 1036 1287 1098 eap.
1311 1016 1367 1081 03.
1389 1038 1471 1101 pon·

139 1113 221 1177 tilex
245 1135 329 1177 max.
349 1113 381 1176 in
406 1110 448 1177 C.
469 1110 620 1177 Caesaris
644 1111 747 1173 locum
769 1109 858 1173 furto
881 1121 1027 1183 creatus,
1057 1110 1184 1172 decreta
1206 1108 1268 1173 sibi
1290 1109 1467 1195 Hispania,

140 1208 242 1269 adhuc
264 1207 295 1270 in
318 1205 421 1270 Gallia
446 1206 650 1281 morabatur)
675 1204 809 1266 Romam
840 1204 879 1264 ad
901 1214 1042 1265 senatum
1065 1201 1168 1278 misit,
1203 1206 1244 1267 ad
1264 1224 1379 1286 pacem
1400 1226 1469 1269 eunt

139 1301 283 1366 'Antonio
299 1300 474 1363 sariendam
495 1298 681 1359 cohortans.
724 1296 772 1358 Ea
797 1298 834 1357 de
857 1318 891 1358 re
915 1318 984 1358 cum
1007 1295 1041 1385 iu
1061 1308 1172 1359 senatu
1194 1310 1359 1383 ageretur,
1384 1298 1471 1363 multi

139 1416 250 1478 pacem
273 1404 457 1467 suaserunt,
487 1393 574 1475 quod
602 1390 741 1453 incertus
770 1389 872 1452 exitus
896 1389 971 1453 belli
994 1403 1077 1453 esset
1099 1402 1131 1453 et
1153 1392 1240 1475 qttod
1263 1391 1410 1474 Lepidus
1430 1394 1471 1457 ad

141 1510 251 1572 pacem
274 1488 475 1560 hortaretur,
509 1483 564 1567 qui
587 1481 729 1546 exercitu
752 1504 870 1566 eogere
892 1494 1014 1568 posset.
1069 1487 1152 1548 Τιιιιι
1182 1486 1236 1549 M.
1266 1486 1396 1549 'Pullius
1416 1505 1471 1552 ro·

145 1594 245 1667 gatus
259 1579 443 1644 sententiam
461 1577 672 1660 Philippicam
691 1577 796 1640 XIII.
819 1576 850 1639 iu
874 1590 984 1641 senatu
1007 1577 1105 1641 dixit:
1131 1578 1246 1663 inqua
1269 1579 1473 1645 adversario·

140 1699 211 1741 rum
242 1674 382 1738 rationes
412 1672 580 1737 confutans
613 1691 722 1752 pacem
753 1693 822 1733 cum
853 1670 1000 1735 Antonio
1029 1684 1062 1736 et
1093 1672 1284 1738 Antonianis
1317 1692 1387 1739 esse
1406 1694 1470 1739 nott

143 1790 240 1855 posse
268 1769 363 1832 docet
392 1777 424 1829 et
451 1764 585 1829 Antonii
616 1762 750 1827 animum
780 1785 819 1827 ex
844 1766 956 1829 litteris
979 1768 1017 1829 ad
1040 1766 1181 1831 Hirtium
1204 1778 1236 1831 et
1258 1768 1470 1835 Octavianum

141 1863 244 1930 missis
266 1862 419 1925 declarat.
472 1858 591 1924 Cicero
622 1869 685 1921 tum
717 1880 847 1943 quoque
871 1862 909 1922 ad
931 1860 1089 1942 Lepidum
1112 1859 1196 1923 misit
1218 1860 1311 1944 epist.
1333 1862 1389 1927 tt.
1413 1860 1468 1927 tib.

142 1962 190 2025 X.
213 1960 251 2021 ad
274 1956 408 2034 Famil.,
434 1956 549 2038 inqua
572 1954 680 2028 illum,
713 1975 751 2015 ne
774 1975 808 2017 se
830 1954 861 2016 in
883 1954 973 2017 istam
996 1952 1247 2036 pacificationem
1270 1954 1470 2039 interponat,

143 2059 304 2119 hortatur.
349 2051 431 2114 Post
453 2049 687 2132 prosectionem
711 2047 835 2110 Pansae
860 2044 999 2111 consulis
1021 2047 1324 2111 turbulentissimum
1348 2058 1471 2131 tempas

142 2148 223 2223 luit,
247 2167 316 2208 eum
339 2144 384 2207 D.
409 2144 531 2206 Brutus
552 2140 698 2208 Mutinae
722 2142 775 2202 rix
806 2141 865 2203 iam
887 2141 1068 2205 sustineret.
1122 2140 1237 2226 Itaque
1267 2162 1339 2206 enta
1371 2138 1470 2205 tristis

142 2265 160 2304 a
183 2238 310 2303 Mutina
333 2237 415 2298 lama
439 2246 597 2311 manaret,
631 2255 804 2318 omnesque
827 2245 880 2297 aut
902 2233 1117 2299 foedissimam
1140 2248 1275 2301 mortem
1300 2244 1356 2299 aut
1377 2234 1470 2299 mise·

141 2333 272 2398 rabilem
302 2331 411 2415 frigam
439 2329 639 2413 cogitarent,
676 2327 772 2391 inllati
801 2328 918 2391 lactitia
948 2341 1041 2412 atque
1071 2328 1237 2393 insolentia
1266 2328 1356 2413 impii
1382 2328 1470 2393 eires

140 2430 255 2493 lamam
278 2425 530 2507 dissipaverunt,
556 2421 746 2487 Ciceronem
769 2419 871 2503 pridie
893 2422 1019 2487 Vinalia
1043 2443 1114 2485 cum
1135 2423 1278 2488 fascibus
1298 2426 1470 2490 descensu·

140 2543 210 2585 rum
239 2539 321 2583 esse.
382 2517 514 2581 Interim
544 2517 664 2581 XVII.
696 2515 832 2580 Kalend.
862 2517 986 2592 Maias,
1026 2530 1061 2581 ut
1082 2519 1184 2583 Galba
1214 2523 1255 2584 ad
1276 2516 1468 2587 cicerones

141 2602 253 2677 scribit
276 2610 370 2694 epist.
393 2612 447 2675 30.
471 2612 526 2678 lib.
547 2613 593 2673 X.
617 2612 656 2672 ad
678 2610 804 2685 Famil,
827 2630 904 2687 seu,
929 2622 965 2674 ut
987 2610 1121 2677 Ovidius
1144 2612 1201 2678 lib.
1225 2614 1314 2693 IV.,
1337 2634 1372 2680 v.
1392 2615 1469 2679 dli.

140 2710 230 2773 Fast.
254 2705 389 2780 indicat,
422 2704 562 2768 XVIII.
586 2704 724 2767 Kalend.
749 2704 874 2780 Maias,
911 2705 1071 2771 Antonius
1101 2708 1227 2790 proelio
1249 2710 1289 2771 ad
1312 2708 1469 2773 Mutinam

140 2812 306 2884 superatus
329 2810 388 2862 est.
431 2798 553 2862 Habuit
574 2797 682 2880 paucis
706 2796 816 2860 diebus
841 2810 913 2880 post
937 2802 1124 2865 concionem
1146 2802 1271 2867 llomae
1289 2804 1333 2869 P.
1356 2804 1471 2888 Appu-

139 2896 219 2971 leius
242 2893 385 2957 tribunus
408 2894 513 2975 pleb.,
537 2892 568 2954 in
592 2913 744 2975 quaeum
768 2891 903 2955 liberare
920 2891 1109 2958 Ciceronem
1133 2894 1315 2979 suspicione
1335 2890 1468 2961 lasciuus

140 2988 257 3063 vellet,
289 3007 350 3049 una
375 3008 456 3050 voce
480 2996 593 3048 cuneta
617 2986 732 3049 concio
760 2986 934 3049 declaravit
962 2988 1038 3052 nihil
1064 3010 1133 3051 esse
1162 3011 1179 3052 a
1203 2990 1254 3053 M.
1279 2988 1392 3055 Tullio
1412 3010 1470 3054 nn·

141 3102 234 3167 quarn
257 3082 296 3142 de
319 3100 353 3141 re
375 3077 502 3161 publica
526 3078 585 3140 nisi
607 3079 727 3160 optime
749 3079 939 3162 cogitatum.
980 3082 1114 3146 Duabus
1130 3082 1274 3146 tribusve
1288 3082 1380 3148 boris
1394 3078 1474 3167 post·

144 3173 330 3259 optatissimi
351 3172 451 3238 nuntii
473 3185 504 3236 et
526 3172 647 3236 litterae
670 3176 709 3235 de
732 3172 868 3237 victoria
882 3174 1057 3238 Mutinensi
1081 3178 1248 3240 venerunt.
1291 3176 1369 3258 Quo
1390 3186 1471 3241 tent·

143 3290 224 3353 pore
245 3279 350 3332 tantae
372 3267 597 3343 multitudinis,
634 3280 782 3351 quantam
806 3268 895 3332 Urbs
918 3268 1082 3349 capiebat,
1117 3270 1157 3331 ad
1179 3266 1372 3334 Ciceronem
1392 3288 1472 3335 eon·

143 3384 254 3427 cursus
278 3373 324 3424 est
345 3360 469 3438 laetus;
504 3384 521 3423 a
545 3383 607 3445 qua
630 3360 683 3425 ille
707 3360 846 3425 maximo
869 3362 1007 3427 clamore
1029 3372 1124 3449 atque
1146 3364 1259 3445 plausu
1280 3362 1312 3427 in
1335 3362 1471 3449 Capito-

143 3458 218 3520 lium
242 3456 394 3519 deductus
418 3465 450 3517 et
472 3454 502 3517 io
519 3452 650 3519 Rostris
672 3454 848 3519 collocatus
871 3457 998 3519 domum
1021 3456 1091 3519 inde
1113 3458 1262 3521 reduetus
1284 3469 1345 3521 est.
1381 3458 1473 3523 Haeo

142 3562 215 3615 sunt
236 3551 319 3633 apud
341 3546 531 3613 Ciceronem
555 3550 697 3631 Philipp.
724 3549 823 3612 XIV.
846 3569 918 3632 cap.
943 3548 989 3627 0.,
1013 3571 1065 3632 ep.
1090 3552 1121 3617 2.
1143 3552 1176 3614 6.
1200 3563 1232 3614 et
1255 3552 1288 3615 l.
1311 3552 1352 3615 ad
1374 3552 1471 3618 Brut.

145 3657 176 3709 et
208 3645 301 3727 epist.
332 3642 384 3707 30.
412 3640 465 3707 lib.
487 3643 534 3706 X.
559 3654 590 3704 et
612 3644 644 3705 6.
674 3644 730 3705 lib.
760 3644 844 3707 XII.
873 3645 913 3706 ad
941 3645 1057 3709 Famil.
1120 3645 1229 3711 Pridie
1256 3644 1407 3726 Viualia,
1440 3646 1475 3713 id

146 3749 213 3817 est,
244 3740 290 3801 X.
315 3737 450 3802 Kalend.
472 3737 596 3808 Maias,
629 3735 748 3801 Cicero
772 3736 881 3801 habuit
903 3738 1113 3823 Philippicam
1137 3740 1288 3804 decimam
1310 3752 1472 3824 qrrartatn.

147 3835 184 3895 ln
200 3854 260 3916 qua
277 3829 539 3914 supplicationem
556 3829 676 3893 dierum
696 3828 925 3916 qninquaginta
954 3833 1048 3896 trium
1077 3832 1304 3917 imperatorum
1328 3834 1467 3911 Pansae,

146 3924 247 3989 Hirtii
276 3934 308 3988 ct
342 3922 488 3989 Caesaris
519 3924 645 3986 nomine
667 3924 710 3985 ob
740 3923 914 3987 Antonium
942 3927 1067 3990 hostem
1094 3939 1275 4010 superatum
1307 3926 1471 3993 decernit:

147 4030 243 4103 atque
265 4020 305 4081 ad
331 4030 507 4082 extremum
536 4036 610 4092 eos,
641 4016 749 4100 quiin
779 4020 906 4100 proelio
932 4021 1131 4095 ceciderant,
1164 4022 1269 4085 laudat
1295 4042 1473 4108 eorrrnrqne

147 4110 316 4192 proximos
335 4113 534 4176 consolatur.
575 4111 626 4175 De
648 4111 878 4193 supplicatione
902 4115 945 4176 L.
969 4112 1091 4177 dierum
1117 4114 1188 4177 ride
1214 4116 1397 4199 Appianum
1412 4114 1472 4179 lila.

154 4204 222 4279 111,
259 4206 309 4270 ΙΙ.
362 4204 443 4271 Cum
473 4204 601 4269 Hirtius
629 4205 660 4267 in
687 4205 813 4287 proelio
839 4207 1003 4270 cecidisset
1030 4218 1062 4269 et
1087 4208 1191 4272 Pansa
1220 4230 1262 4272 ex
1285 4208 1473 4273 volneribus

147 4293 256 4377 paucis
282 4298 391 4361 diebus
414 4309 489 4381 post
514 4298 681 4363 Bononiae
704 4310 848 4362 mortuus
878 4312 978 4378 esset,
1002 4322 1114 4366 rumor
1142 4300 1344 4385 percrebuit,
1375 4300 1472 4367 Cice·

146 4408 258 4450 ronem
283 4409 353 4454 cos.
382 4392 499 4455 laetntn
518 4412 606 4464 esse;
642 4390 735 4473 epist.
763 4392 795 4455 8.
822 4396 863 4455 ad
888 4395 982 4458 Brut.
1022 4396 1215 4460 Plutarchus
1241 4408 1273 4460 et
1305 4396 1474 4480 Appianas

149 4482 220 4555 III,
251 4480 304 4545 82.
333 4485 477 4549 scribunt
505 4486 557 4551 M.
580 4486 720 4550 'l'ullium
744 4488 783 4548 ab
810 4486 989 4554 Octaviano
1016 4492 1054 4553 ad
1079 4491 1264 4555 consulatus
1285 4490 1475 4575 petitionem

146 4574 308 4637 inductum
333 4576 445 4642 luisse.
496 4580 545 4642 V.
572 4581 707 4644 Kalend.
734 4579 840 4644 Maias
862 4595 988 4647 senatus
1017 4585 1143 4649 habitus
1177 4584 1237 4649 luit
1264 4588 1305 4650 de
1328 4584 1386 4663 iis,
1420 4582 1475 4671 qni

147 4668 254 4731 hostes
283 4667 412 4733 iudicati
446 4685 554 4749 erant,
588 4674 673 4738 bello
699 4677 946 4756 persequendis3
982 4678 1077 4761 epist.
1106 4680 1137 4746 9.
1171 4682 1211 4744 ad
1234 4678 1329 4746 Brut.
1372 4678 1472 4745 Dedit

147 4780 188 4825 so
214 4772 359 4844 ternpore
387 4763 506 4829 Cicero
533 4767 641 4855 plures
671 4768 791 4835 litteras
819 4770 858 4832 ad
886 4769 930 4838 D.
956 4772 1089 4836 Brutum
1110 4784 1142 4839 et
1162 4774 1207 4839 1..
1231 4772 1406 4852 Plancum,
1439 4780 1476 4838 nt
