3218 5310
157 218 218 283 aue
556 219 609 283 5.
634 219 797 291 eatan
821 216 1072 301 crcaaoars

131 364 133 369 ’
239 358 401 442 Repetitio
426 359 642 442 praecedentis
661 357 809 423 Aldinae.

235 452 264 505 i*
285 494 329 505 -
348 494 390 504 --
415 458 588 542 Epistulae
615 456 658 522 ad
680 457 718 522 ’1.
740 456 954 543 Pomponium
978 459 1145 546 Atticum,
1174 457 1370 533 Sebastiam
1394 465 1480 538 Cor.

150 552 223 620 radi
245 554 450 619 brevissimis
466 552 803 636 interpretationibus
820 552 1017 621 illustratae.
1044 556 1212 643 venetas,
1231 559 1327 647 apud
1343 563 1479 633 Hieron.

151 643 427 716 8551551544.
470 645 542 711 Ful.
581 644 608 730 f.
634 643 728 712 197.
750 666 842 712 aarum.
862 646 890 732 f.
915 646 1097 715 aulient.

235 736 325 799 Raro
348 733 453 819 κρίσιν
480 732 581 818 attigit
603 733 655 796 hie
677 746 747 798 ante
770 734 948 799 Manartianr
970 735 1107 819 optionis
1127 739 1240 806 harum
1262 744 1356 831 Epp.
1377 743 1476 815 iater-

150 848 225 912 pres
248 826 426 893 Corradus.

184 951 187 961 ·
232 966 275 979 -
295 964 337 976 -
357 926 531 1010 Epistulae
550 925 594 992 ad
607 926 774 1012 Atticum,
795 926 839 997 ad
858 928 910 995 M.
929 930 1084 1019 Bratam,
1105 931 1149 1000 ad
1170 933 1211 1017 0.
1228 937 1372 1007 fratrem
1391 944 1475 1010 mai·

150 1026 257 1089 taram
277 1022 423 1086 locurum
444 1023 652 1087 correctione
672 1021 874 1107 illustratae,
896 1027 933 1089 ut
954 1029 1031 1109 post
1049 1029 1175 1094 omneis
1191 1033 1338 1101 omnium
1355 1033 1475 1103 editio·

148 1137 210 1184 nes
234 1118 356 1181 exeant
382 1111 675 1179 emendatissimus.
723 1114 765 1179 in
793 1134 876 1200 quas
902 1120 1028 1183 omneis
1055 1122 1217 1205 epistolas
1240 1121 1474 1195 commentarit

147 1212 326 1298 separatim
344 1210 494 1292 impressi
517 1225 623 1293 prope
647 1205 731 1273 aliem
754 1208 911 1293 edentur,
933 1216 1070 1279 auctore
1092 1213 1198 1281 Patrio
1217 1216 1378 1286 Manutlo
1395 1222 1474 1291 Aidi

146 1306 223 1371 tillo.
265 1303 431 1384 venetiis,
459 1300 586 1366 Paulus
605 1299 781 1367 Manutius
810 1301 926 1371 1544.
970 1302 1014 1375 15
1031 1304 1121 1392 fiac:
1150 1308 1255 1395 Apud
1275 1313 1359 1379 Aldi
1381 1314 1474 1383 tilios.

147 1400 298 1466 venetiis
314 1394 430 1462 1544.
451 1393 574 1461 Mense
587 1394 776 1460 Novembri.
820 1396 855 1460 8.
894 1397 976 1482 52.
996 1402 1385 1492 55555555.[.333.5“.
1409 1407 1471 1475 11.

146 1513 218 1560 555
234 1510 327 1559 aarum.
369 1486 518 1588 iuuerpr.
543 1484 692 1555 Graeca.
724 1487 807 1573 fii.
829 1492 1148 1582 camulianorum.
1173 1494 1308 1563 5555
1329 1519 1469 1569 macore.

229 1580 370 1645 Pulchra
390 1579 513 1641 Edaao.
557 1574 784 1641 Commentarii
805 1578 850 1642 ilii
872 1580 948 1645 editi
972 1594 1043 1643 sant
1065 1583 1186 1646 deinum
1211 1605 1242 1648 a.
1268 1587 1365 1651 1547.
1393 1612 1468 1673 pro·

146 1674 314 1758 prinmquc
343 1672 489 1737 volaaaaaa
516 1670 729 1734 constituunt:
789 1674 827 1747 Iu
859 1672 1021 1755 Epistulas
1050 1670 1218 1749 Ciceronis
1246 1680 1286 1743 aa
1314 1681 1468 1758 Attienus,

145 1770 241 1836 Pauli
259 1767 395 1833 itianntii
415 1764 681 1831 Commentarius.
711 1764 874 1841 Venetiis,
900 1766 1175 1848 apaidAidiiilios
1196 1770 1291 1835 1517.
1321 1773 1355 1836 8.
1373 1773 1467 1865 555.

145 1886 215 1929 555
242 1885 337 1927 nrum.
363 1860 400 1951 f.
431 1861 506 1924 159.
534 1881 629 1922 num.
647 1855 694 1948 f.
719 1862 749 1921 1.
779 1881 856 1923 cum
876 1881 1018 1925 ancora.
1068 1860 1154 1927 Vide
1181 1860 1214 1925 in
1235 1863 1373 1948 Scriptis
1396 1865 1465 1933 Cic.

145 1957 383 2022 illustrantibus.
428 1954 542 2027 Aldina
561 1974 596 2020 a.
619 1953 714 2016 tait.
737 1975 800 2017 nou
823 1964 937 2022 exstat.

229 2095 269 2106 -
289 2090 333 2102 -
360 2074 403 2120 ex
425 2054 631 2120 diuersurum
653 2052 876 2136 exemplorum
899 2052 1077 2137 praecipue
1097 2052 1238 2119 Victorii
1260 2073 1302 2123 ac
1323 2054 1465 2125 Manatil

144 2153 324 2220 collatione
344 2151 540 2238 castigatae.
581 2143 752 2234 Lugduni,
773 2141 852 2210 Seb.
875 2143 1047 2231 Gryphius
1071 2142 1185 2225 1545.
1229 2148 1266 2213 8.

227 2243 336 2306 Leett.
359 2261 427 2303 var.
447 2239 542 2301 habet
563 2234 594 2299 iu
617 2233 769 2317 margine.

228 2377 269 2389 -
290 2378 331 2389 -
354 2328 507 2424 (15555,
528 2331 710 2400 5115515.
729 2329 845 2399 Puris.
870 2324 1021 2414 1543.)
1044 2334 1216 2420 Lutetiae,
1237 2354 1281 2402 ex
1304 2338 1360 2406 aa.
1381 2339 1462 2407 aaa

144 2428 308 2518 Stephani
332 2429 446 2498 tuat.
491 2427 552 2495 12.

226 2566 268 2579 -
289 2526 463 2611 Epistulae
487 2522 531 2588 ad
552 2522 717 2599 Atticam,
746 2517 789 2585 ad
808 2519 860 2586 M.
876 2520 1033 2606 Brutum,
1060 2521 1105 2589 ad
1127 2521 1166 2604 Q.
1184 2523 1326 2601 fratrem
1344 2529 1462 2595 malto-

142 2641 213 2687 rum
233 2621 379 2686 locorum
397 2619 604 2684 correctione
626 2614 822 2677 illustratae.
863 2611 945 2682 Cam
965 2615 1035 2680 suis
1057 2621 1302 2685 commentarils
1325 2640 1462 2709 555555-

143 2717 201 2779 tim
221 2715 391 2796 impressis
411 2715 549 2777 auctore
571 2708 676 2774 Paulo
696 2705 852 2773 Munatio
871 2706 953 2772 Aldi
970 2707 1067 2772 aiio..
1090 2709 1258 2801 t’caetiis,
1279 2713 1370 2798 apud
1385 2714 1460 2781 Atdt

142 2807 227 2873 tilios
251 2805 366 2873 1548.
409 2804 443 2868 8.
482 2804 510 2890 f.
532 2805 571 2869 2.
586 2820 662 2875 555
683 2818 776 2864 itiam.
794 2799 822 2884 f.
843 2798 940 2868 333.
960 2801 987 2880 f.
1013 2801 1077 2870 11.
1099 2800 1250 2890 interpr.
1270 2803 1410 2876 Gracco
1427 2813 1459 2877 et

141 2902 168 2989 f.
185 2902 224 2968 3.
247 2897 426 2973 cannatae
447 2902 482 2962 et
501 2910 579 2962 cum
597 2917 738 2964 uraeuro.

102 2998 105 3005 ’
226 2989 384 3055 Nonnulla
408 2985 598 3068 exeaaplaria
620 2989 650 3049 ia
674 2987 735 3051 iine
757 2987 873 3050 habeut
895 3005 926 3047 a.
951 2986 1045 3049 1519.
1315 3024 1317 3028 ψ

221 3121 267 3137 ·-
293 3087 467 3173 Epistulae
486 3083 531 3150 ad
551 3085 719 3165 Atticam,
746 3084 886 3150 Bratam
907 3086 941 3149 et
963 3082 1004 3165 Q.
1025 3084 1187 3151 Fratrem.
1231 3084 1287 3152 Ex
1309 3085 1459 3155 diversu-

17 3188 22 3209 '
139 3203 211 3248 ram
232 3185 465 3267 exemplarium
488 3181 666 3262 praecipue
689 3179 827 3244 Victorii
847 3195 888 3243 ac
905 3176 1051 3243 Munatii
1072 3179 1251 3249 collatione
1271 3179 1457 3270 diligentis-

139 3279 221 3343 simc
242 3279 437 3366 castigatae.
479 3270 582 3358 Apud
601 3268 681 3338 Sub.
703 3270 887 3358 Gryphium
898 3271 1064 3357 {lugduni
1088 3270 1203 3338 1548.
1249 3268 1311 3340 16.

224 3411 264 3423 -
284 3409 327 3423 -
350 3363 501 3455 (15555,
529 3372 569 3432 ut
589 3370 627 3432 15
654 3364 735 3432 Atei.
763 3355 917 3445 1548.)
954 3364 1121 3450 Venetils,
1149 3364 1241 3452 apud
1266 3366 1353 3435 Aldi
1379 3368 1457 3441 aiios

142 3465 257 3534 1551.
279 3482 390 3530 menso
414 3460 560 3529 Octobri.
604 3460 638 3523 8.
949 3531 956 3547 ι

224 3553 385 3638 Repetitio
408 3548 624 3631 praecedentis
646 3546 776 3611 totidem
798 3546 964 3610 ioliortna.

221 3692 263 3707 -
282 3687 325 3699 -
348 3642 500 3735 (15555,
527 3645 757 3732 51151555.
784 3645 905 3713 1545.
914 3635 949 3725 a)
981 3643 1154 3733 Lugduni,
1185 3642 1269 3714 seu.
1291 3647 1457 3738 Gryphium

140 3748 257 3818 1551.
281 3748 315 3811 at
339 3742 454 3810 1555.
497 3740 531 3803 8.

222 3835 251 3890 li
271 3871 313 3883 -
334 3836 507 3922 Epistulae
525 3830 568 3897 ad
581 3831 748 3914 Atticum,
769 3830 812 3899 ad
830 3829 880 3899 M.
894 3831 1050 3919 Bruttiae,
1071 3831 1115 3898 ad
1133 3831 1173 3914 Q.
1188 3834 1354 3915 Fratrem.
1380 3832 1456 3906 855

136 3934 400 4007 correctionibus
412 3929 508 3994 Pauli
523 3926 678 3993 Munatii.
710 3926 877 4012 Venetiis,
897 3924 985 4011 apud
999 3924 1138 3993 Paulam
1150 3927 1360 4019 Munatium,
1381 3930 1455 3997 Aldt

136 4034 234 4099 ittam
258 4026 375 4095 1554.
398 4016 459 4104 (tu
477 4021 565 4111 fiete:
591 4010 727 4101 1555.)
771 4019 807 4084 8.
847 4017 1287 4111 585555555115555.
1309 4024 1339 4111 f.
1360 4022 1453 4097 338.

137 4146 230 4195 num.
252 4121 280 4208 f.
305 4120 368 4188 13.
389 4135 459 4185 555
479 4134 572 4183 sarem.

220 4211 335 4278 Aldina
357 4229 387 4271 a.
413 4207 506 4271 1553.
529 4225 592 4267 555
614 4212 731 4266 exstat.

220 4336 260 4351 -
282 4335 324 4349 -
346 4302 468 4388 sidem
487 4294 641 4383 lauder.)
672 4300 840 4384 venetia,
861 4296 952 4385 apud
971 4300 1110 4369 Panium
1130 4302 1322 4372 Munatium
1346 4305 1454 4377 1558

136 4398 199 4486 (ta
218 4405 307 4492 flate:
338 4394 475 4482 1559.)
519 4399 554 4464 8.
593 4394 683 4482 fid.
704 4413 774 4460 555
795 4414 886 4463 rauna
908 4392 1031 4481 Praef.
1062 4393 1212 4482 flaua.
1245 4396 1274 4485 f.
1302 4399 1367 4471 16.
1390 4419 1453 4467 555

138 4519 231 4569 auum.

220 4584 386 4666 Repetitio
408 4579 636 4666 praecedentis.

219 4708 260 4723 ·-
281 4707 323 4722 ·-
351 4701 394 4747 ex
422 4681 562 4747 diversa.
588 4679 739 4764 exempli.
760 4678 940 4762 praecipue
962 4676 1103 4743 Victorii
1128 4679 1163 4745 at
1181 4678 1331 4747 Munatii
1351 4680 1448 4749 55115-

136 4780 226 4843 11555
248 4774 498 4862 diligentissime
518 4774 713 4862 castigatae.
755 4769 810 4836 liu
833 4771 1056 4849 castigatione
1075 4773 1127 4838 lo.
1148 4770 1321 4843 Boalierii.
1359 4775 1447 4866 mg·

136 4870 232 4952 dani,
254 4868 423 4938 Aratonlus
443 4867 638 4934 Vincentius
662 4858 774 4931 1568.
796 4867 830 4930 51
853 4856 968 4929 1562.
1010 4864 1047 4931 8.
1088 4864 1315 4955 propudio.
