3218 5310
139 252 199 316 us
404 216 748 318 Mauoaasaara
770 247 919 311 varas
944 245 1196 313 cacsaoaas

360 726 446 811 buit,
468 720 602 809 priorem
617 722 650 786 ln
667 725 802 804 senata,
824 717 1000 788 secundam
1019 722 1053 785 et
1070 722 1200 786 tertia-
1215 721 1249 786 la
1260 739 1349 789 eon-

359 821 454 886 elone
476 815 519 882 ad
549 813 741 904 populum.¹
794 815 891 880 llane
920 819 1056 881 secutae
1076 818 1155 881 sunt
1179 816 1350 881 orationes

361 932 420 998 pro
435 909 477 977 L.
494 908 617 975 Roscio
633 903 788 973 Otlaoae²
804 905 891 982 (via.
909 907 947 965 ad
960 926 989 966 a·
1004 903 1101 986 687);
1128 926 1189 994 pro
1204 907 1350 974 Rabirio

246 1044 256 1533 p
360 1004 524 1072 Postumo
530 1023 542 1087 3
558 1000 600 1067 ae
610 1006 881 1088 proscriptorum
889 999 984 1090 fillis,
996 1021 1079 1087 quos
1089 999 1185 1068 Sulla
1198 1004 1350 1087 paternis

360 1099 477 1184 opibus
490 1100 524 1161 et
536 1092 751 1180 petendorum
765 1093 922 1158 honorum
939 1097 1008 1159 iure
1025 1095 1213 1161 excluserat
1220 1114 1230 1181 3
1252 1112 1349 1180 quam

359 1195 465 1277 legen
488 1189 616 1255 etiamsi
642 1186 755 1252 duram
767 1185 884 1254 Cicero
896 1191 1006 1253 tamen
1018 1190 1065 1253 rei
1079 1190 1231 1272 publicae
1245 1206 1348 1256 eausa

360 1274 557 1353 servandam
583 1299 657 1346 esse
684 1279 867 1346 aerenaa.³
909 1278 1070 1366 Sequitur
1092 1283 1197 1346 oratio
1223 1281 1348 1362 habita,

260 1438 261 1442 ,
348 1256 438 1527 ‘oum
459 1379 673 1460 provinciam
703 1380 758 1440 tux
779 1380 940 1440 eoruioue
977 1375 1173 1460 deponeret.
1219 1375 1348 1441 Deinele

360 1491 432 1540 eum
467 1466 629 1538 Catilinae
656 1463 810 1535 sonores‘·
845 1470 877 1532 in
897 1469 1155 1534 coniurationem
1185 1467 1351 1535 adversas

349 1539 427 1690 laem
453 1563 542 1649 publ.
561 1564 768 1647 erupissent,
801 1555 916 1627 Cicero
939 1560 1053 1626 habuit
1074 1567 1249 1630 orationes
1273 1558 1349 1629 Ca-

363 1658 564 1738 tilinartas3
595 1659 660 1719 tum
679 1652 721 1720 L.
744 1653 947 1743 silurenara,
971 1673 1039 1722 eos
1057 1654 1283 1746 designatam,
1307 1655 1351 1723 os

328 1795 330 1799 -
361 1753 484 1819 ambitu
506 1753 696 1816 accusatam
716 1744 898 1813 delendit.⁵

159 1886 251 1959 692Ι
300 1881 328 1955 ’2
361 1886 458 1953 Coss.
502 1888 550 1950 D.
572 1884 694 1950 leonius
717 1884 874 1956 Silanus,
898 1849 939 1947 L.
963 1883 1117 1947 Liciniae
1139 1888 1305 1951 Murena.
1387 1894 1438 1963 45

403 1996 558 2071 Catilina,
604 1997 755 2058 advorsus
796 2009 886 2079 quaein
918 1995 1076 2059 Antonius
1109 2017 1243 2078 procos.
1277 2021 1348 2061 esaan

363 2091 506 2156 exercitu
536 2089 648 2153 missus
668 2102 755 2163 erat,
795 2089 896 2152 vicinas
916 2091 956 2151 ab
982 2088 1049 2152 eius
1075 2090 1182 2173 legato
1203 2091 1256 2154 M.
1283 2093 1355 2164 Pes

364 2187 445 2251 treio
467 2183 564 2268 perit.
609 2182 768 2246 Antonias
789 2182 819 2244 iu
844 2182 1085 2258 theutoniam,
1108 2204 1188 2266 qliae
1215 2185 1351 2267 provin·

365 2280 411 2342 cia
442 2277 470 2340 ei
504 2275 679 2358 obligarat,
716 2275 941 2356 proficiscitur.
992 2276 1165 2360 Pompeius
1197 2277 1348 2344 confacio

365 2370 587 2436 Mithridatico
610 2354 696 2431 bello
711 2369 804 2432 redit.
879 2406 884 2414 .

404 2487 565 2554 Metellus
578 2484 693 2570 Nepos
718 2487 792 2552 trib.
810 2487 853 2574 pl.
875 2490 909 2553 in
927 2489 1086 2554 concione
1104 2489 1138 2552 in
1155 2484 1349 2575 Cleeroaem

364 2587 398 2648 et
427 2583 577 2646 senatum
608 2578 789 2666 invehitur,
831 2600 961 2671 negans
990 2583 1083 2648 cives
1111 2585 1351 2649 coniurationis

363 2671 527 2742 Catilinae
553 2673 664 2737 socios
684 2672 808 2740 inslieta
829 2694 931 2742 eausa
956 2674 1126 2742 necandos
1152 2676 1265 2741 luisse.
1308 2677 1348 2742 Ei

366 2768 503 2854 opponit
533 2759 649 2830 Cicero
671 2770 851 2831 orationem
872 2767 1111 2835 Metellianam.
1152 2767 1243 2836 Idem
1265 2769 1295 2834 la.
1320 2791 1350 2835 a.

366 2865 441 2929 enait
477 2860 604 2925 aonam
631 2862 664 2924 in
693 2856 861 2926 Palatio.⁶
914 2862 1075 2927 Extremo
1101 2882 1188 2928 anno
1213 2860 1351 2930 Clodius

366 2954 544 3040 Pompeiae
572 2949 726 3019 Caesaris
754 2957 868 3019 uxoris
895 2974 1007 3022 amore
1038 2962 1173 3042 eaptus,
1219 2976 1293 3024 eum
1315 2960 1351 3023 lu

367 3051 438 3114 eius
456 3047 552 3113 domo
571 3047 686 3113 Bonae
703 3046 795 3112 Deae
810 3067 871 3133 pro
888 3051 1012 3133 populo
1023 3051 1133 3131 lieret,
1155 3052 1237 3117 elain
1249 3055 1353 3117 ueste
1373 3106 1376 3113 .

369 3141 515 3207 muliebri
531 3144 704 3226 ingressus
726 3145 759 3206 et
773 3145 908 3230 agnitus
919 3143 1012 3208 foras
1036 3140 1201 3212 elicitur.²
1218 3183 1261 3196 -
1276 3145 1352 3212 Hae

368 3255 455 3300 alano
485 3232 602 3301 Cicero
641 3235 753 3300 laabait
795 3240 977 3302 orzilionem
1014 3257 1074 3324 pro
1112 3235 1154 3303 Ρ.
1192 3233 1352 3305 0οηιεὶίο
1441 3316 1445 3323 Ι

371 3325 485 3416 Sulla,
508 3329 583 3393 al..
594 3327 762 3413 Torquato
775 3332 1011 3395 coniurationis
1022 3336 1188 3397 accusato.
1224 3330 1352 3398 Eodem
1442 3344 1446 3357 ·

371 3418 410 3500 l).
424 3417 540 3487 Cicero
554 3422 723 3488 Mirator
744 3426 932 3537 praelapsus
953 3421 1069 3510 gessit.

43 3627 54 3641 Ι
165 3556 245 3629 693
283 3556 333 3628 61
373 3553 469 3619 Coss.
512 3560 568 3621 Μ.
593 3556 722 3639 Pupius
738 3557 818 3620 Piso
833 3554 1097 3640 Calpurnianus,
1122 3563 1177 3626 M.
1193 3562 1355 3626 Valerius
1393 3566 1443 3637 46

74 3660 84 3674 ''
257 3660 261 3715 l
517 3653 673 3714 Messala
693 3651 820 3732 Niger.

413 3759 549 3832 Clodius
573 3767 691 3833 incesti
717 3768 851 3833 erimine
869 3774 1045 3835 aecusatus
1068 3768 1102 3837 ii
1127 3773 1252 3839 amoliri
1278 3777 1355 3839 stu-

360 3857 449 3946 (det,
478 3857 715 3946 condiceret,
750 3878 787 3923 se
811 3861 867 3925 illa
896 3866 994 3930 noete
1019 3882 1086 3929 noa
1113 3863 1263 3953 lionae,
1293 3866 1354 3933 sesi

259 3946 263 3961 '
372 3952 581 4018 Interamnae
607 3952 719 4019 luisse.
761 3950 878 4020 Cicero
902 3958 999 4021 testis
1017 3957 1200 4042 productus
1219 3959 1297 4027 dicit
1312 3962 1357 4024 il-

373 4046 437 4109 lum
463 4043 576 4109 eodem
599 4044 652 4109 die
676 4046 718 4111 aa
743 4067 779 4111 se
809 4046 935 4113 domasa
961 4052 1111 4136 venisse3
1140 4049 1276 4118 Clodius
1299 4059 1357 4119 tu-

360 4156 446 4259 'men
470 4140 663 4209 absolvitur.
707 4138 746 4221 0.
768 4139 920 4207 Ciceroni
946 4142 995 4207 Μ.
1016 4144 1111 4208 tratri
1134 4165 1176 4210 ex
1198 4152 1357 4232 praetura

359 4231 457 4307 ..asia
479 4232 652 4317 provincia
671 4234 823 4323 obtingit.
865 4231 983 4303 Cicero
1005 4234 1154 4302 Clodium
1175 4242 1208 4303 la
1236 4245 1356 4306 austu
1440 4260 1445 4269 ·

260 4316 263 4441 Ι
361 4318 440 4399 lisam
468 4327 618 4391 oratione
642 4333 819 4413 perpetua,
857 4334 922 4394 lum
948 4332 1166 4397 altereatione
1191 4332 1355 4421 trangit.⁸

260 4444 264 4519 Ι
374 4418 447 4484 Hoc
464 4437 552 4483 auno
575 4417 658 4484 idom
680 4423 859 4486 orationem
882 4442 943 4506 pro
960 4421 1094 4490 slrelatu
1110 4429 1216 4511 poeta
1232 4426 1358 4492 habuit.

413 4555 440 4614 1)
455 4550 512 4605 Cir.
529 4557 556 4604 ia
573 4555 617 4606 Pis
636 4560 664 4608 2.
688 4555 922 4626 2)Plu1.cre.1's.
942 4560 973 4629 ὅ)
987 4561 1020 4614 de
1033 4562 1088 4614 off.
1099 4565 1148 4622 lll.
1162 4567 1207 4620 25.
1222 4568 1250 4615 in
1267 4566 1318 4616 l‘is.
1329 4568 1359 4617 2.

378 4629 401 4686 il
422 4623 479 4678 cfr.
494 4645 542 4696 pro
556 4628 650 4682 Caelio
664 4635 691 4686 5.
705 4635 732 4686 6.
753 4650 801 4702 pro
817 4633 890 4684 Mar.
906 4633 1036 4692 :it-26.
1075 4638 1105 4711 ὁ)
1124 4637 1181 4692 cfr.
1197 4654 1246 4710 pso
1259 4638 1358 4691 Flacco

346 4740 349 4747 .
373 4701 418 4752 39.
438 4715 464 4749 ea
485 4702 614 4754 deamat
636 4707 692 4756 (Ile.
712 4706 857 4758 consulatu
877 4712 904 4758 ia
925 4713 979 4763 Pis.
1000 4717 1026 4770 3.
1047 4731 1096 4783 pro
1118 4713 1191 4767 Sulla
1211 4725 1233 4769 t·
1270 4716 1302 4777 ὃ)
1323 4714 1356 4763 aa

256 4768 262 4876 p*
359 4772 526 4876 ptume.
561 4780 791 4844 7)aaaa.1.13.
814 4781 1086 4844 assuimus.
1118 4787 1148 4860 8)
1163 4787 1298 4844 editui.
1311 4791 1357 4848 16.
