3218 5310
140 256 179 318 lb
540 253 593 315 bl.
618 252 778 316 'l'ULbll
802 248 1055 316 ClCEllONlS

140 405 279 469 tuerent,
300 391 439 476 improbi
454 403 685 474 exspectarent,
703 390 745 453 ait
762 393 884 474 Agrar.
904 391 950 454 11.
969 412 1040 471 cap.
1054 391 1085 451 3.
1120 392 1200 452 Nam
1217 389 1337 453 tribuni
1351 391 1414 473 pl.,
1428 405 1459 456 ut

138 489 204 554 Dio
225 488 357 563 scribit,
382 488 463 551 nacti
485 487 658 551 Antonium
680 486 839 549 consulem
865 483 1006 547 moribus
1029 481 1089 545 sibi
1111 482 1319 561 simillimum,
1348 485 1459 569 partim

138 584 258 647 liberos
282 595 412 656 eorum,
444 581 498 665 qui
520 602 537 643 a
559 582 645 644 Sulla
668 578 844 662 proscripti
865 579 1023 640 honorum
1046 576 1197 658 petitione
1218 578 1337 658 privati
1361 591 1459 655 eraut,

140 679 179 739 ad
209 677 410 760 magistratus
440 677 652 748 adducebaut;
682 673 793 756 partim
821 673 861 735 P.
884 672 985 761 Paeto
1014 682 1046 733 et
1069 668 1223 735 Cornelio
1246 671 1375 749 Sullae,
1411 672 1460 759 qui

138 792 210 833 cunr
231 770 301 852 ipso
324 773 483 833 damnatus
504 769 627 843 luerat,
653 766 840 831 senatoriam
865 765 1047 848 dignitatem
1068 766 1292 843 restituebant,
1318 778 1416 850 atque
1433 780 1463 829 ut

139 861 343 947 magistratus
368 884 482 945 gerere
505 875 654 944 possent,
680 861 919 943 peruuttebaut3
951 859 1003 921 alii
1027 879 1126 922 novas
1152 860 1276 923 tabulas
1300 880 1461 943 propone·

139 960 234 1034 baut,
259 957 312 1021 alii
327 958 429 1043 legem
445 957 590 1021 ferebant
605 958 643 1018 de
659 956 743 1040 agris
758 952 933 1017 dividendis
948 975 1006 1036 per
1021 954 1141 1017 ltaliam
1158 966 1189 1016 et
1203 954 1358 1030 ditiones,
1383 975 1459 1039 quae

138 1071 217 1134 pop.
236 1054 332 1116 Rom.
348 1051 485 1134 imperio
507 1053 673 1132 querebant.
703 1050 866 1111 Hactenus
885 1046 948 1110 Dio
968 1047 1156 1111 XXXVll.
1174 1049 1227 1110 25.
1264 1046 1375 1111 Multa
1395 1050 1459 1113 An·

138 1145 255 1220 tonius,
272 1147 397 1230 collega
410 1145 589 1219 Ciceronis,
608 1145 637 1207 iu
656 1166 691 1207 re
710 1143 836 1225 publica
855 1141 1058 1215 moliebatur;
1081 1141 1208 1204 larebat
1224 1141 1289 1225 legi
1305 1142 1456 1225 agrariae,

139 1251 171 1302 et
193 1236 348 1306 Caiiliuan
364 1240 524 1305 familiaris
555 1242 594 1302 ab
624 1239 691 1301 eius
718 1235 856 1301 consiliis
886 1257 948 1298 nou
972 1247 1040 1298 erat
1063 1235 1202 1299 alienus:
1234 1238 1323 1318 quod
1345 1233 1457 1301 Cicero

138 1354 200 1415 pro
220 1334 324 1398 Sestio
349 1355 420 1415 cap.
442 1334 474 1397 3.
498 1346 530 1397 ct
552 1333 581 1395 iu
606 1333 754 1397 Pisonem
776 1352 846 1412 cap.
871 1331 902 1392 2.
927 1328 1103 1405 Salustius,
1129 1329 1323 1394 Plutarchus
1345 1341 1379 1393 et
1399 1330 1458 1407 Dio

137 1425 329 1511 significant.
367 1430 448 1491 Erat
467 1428 547 1491 enim
569 1427 695 1490 inllatus
712 1425 846 1490 Catilina
864 1423 997 1487 Antonii
1018 1423 1202 1506 proruissis3
1236 1445 1299 1505 pro
1326 1424 1459 1495 Murena

139 1517 217 1602 cap.
232 1521 286 1583 24.
324 1523 419 1585 Hune
441 1520 540 1605 igitur
556 1521 673 1585 Cicero
696 1517 845 1601 patientia
869 1529 900 1579 et
922 1517 1077 1601 obsequio
1100 1539 1158 1581 suo
1179 1517 1316 1599 priuuuu
1339 1516 1460 1603 mitiga·

138 1613 203 1688 vit,
235 1626 329 1698 atquc
358 1613 400 1676 ita
431 1617 468 1676 dc
500 1616 571 1699 lege
600 1615 724 1698 agraria
749 1612 854 1694 eoepit
876 1633 986 1693 agere.
1031 1610 1184 1676 Kalendis
1207 1611 1364 1675 Ianuariis
1386 1610 1459 1675 inito

138 1707 321 1784 consulatu,
351 1720 490 1773 senatum
521 1722 552 1771 et
577 1711 680 1775 bonos
707 1729 815 1770 omnies
840 1704 920 1790 legis
943 1707 1087 1789 agrariae
1108 1705 1381 1791 maximarumque
1402 1706 1460 1769 lar·

137 1798 290 1880 gitionum
308 1813 389 1863 metu
407 1801 569 1875 liberavit;
594 1813 628 1863 ut
644 1802 712 1883 ipse
726 1801 754 1864 iu
764 1804 911 1865 Pisonem
926 1824 956 1862 e.
971 1802 1000 1863 l.
1014 1802 1068 1862 ait.
1101 1799 1325 1882 'l'muprimam
1342 1800 1459 1867 oratio·

136 1913 207 1954 uem
226 1894 425 1958 consularem
440 1894 550 1958 babuit
571 1896 600 1958 iu
621 1908 750 1971 senatu,
771 1917 823 1977 ep.
840 1899 869 1959 1.
888 1894 946 1957 lib.
959 1894 1024 1957 Xl.
1041 1896 1081 1956 ad
1098 1896 1188 1967 aaa
1212 1905 1306 1976 atque
1322 1895 1403 1958 baec
1416 1904 1461 1957 eat

138 1984 242 2051 oratio
263 1987 364 2070 prima
388 2000 500 2054 eontra
523 1990 669 2064 Rullum,
695 1990 784 2052 cuius
807 2011 880 2070 pars
903 1999 1024 2064 exstat,
1048 1989 1078 2052 in
1103 2011 1164 2071 qua
1186 1989 1326 2070 disputat
1349 2000 1460 2053 contra

138 2080 347 2144 venditionem
365 2082 471 2146 rerum
487 2085 703 2164 publicarum,
729 2083 921 2164 emptionem
945 2104 1097 2168 agrorum
1116 2093 1147 2144 et
1165 2081 1388 2146 deductionem
1408 2102 1461 2147 eo·

137 2174 305 2237 loniarurn.
350 2177 422 2238 Hac
452 2178 596 2240 oratione
624 2178 816 2240 Plutarchus
842 2201 872 2238 c.
897 2178 949 2239 12.
977 2189 1122 2239 auctores
1149 2175 1229 2257 legis
1265 2176 1309 2239 ita
1338 2188 1460 2259 perter-

137 2266 218 2330 ritos
246 2267 344 2330 luisse
373 2268 434 2342 ait,
467 2281 500 2330 ut
526 2271 602 2332 nibil
629 2270 912 2334 contradixerint.
959 2269 1040 2334 Cum
1070 2270 1180 2333 deinde
1200 2270 1294 2335 iidem
1318 2272 1462 2335 consules

67 2414 70 2419 .
137 2359 170 2422 in
193 2361 378 2425 concionem
402 2376 569 2437 vocarent,
610 2364 727 2428 Cicero
751 2366 872 2446 populu
896 2367 992 2428 Rom.
1016 2365 1228 2445 disceptatore
1252 2365 1297 2429 uti
1320 2387 1387 2431 uon
1408 2368 1463 2431 du-

138 2452 262 2517 bitavit.
308 2457 388 2529 Sed,
420 2477 490 2518 cum
516 2467 658 2519 senatum
690 2478 723 2518 sc
751 2458 838 2541 sequi
873 2458 1034 2532 iussisset,
1066 2479 1258 2541 progressus
1293 2462 1461 2525 secundam

139 2546 316 2609 orationem
340 2549 540 2613 consularem
563 2553 603 2612 ad
624 2552 775 2633 populum
799 2555 837 2615 de
860 2553 930 2638 lege
951 2553 1075 2637 agraria
1097 2554 1197 2616 dixit:
1226 2553 1258 2615 in
1278 2576 1342 2638 qua
1362 2554 1462 2639 legem

139 2641 304 2704 Serviliam
334 2641 554 2725 antiquandam
585 2666 654 2707 esse
682 2649 810 2721 suadet,
841 2650 929 2729 quod
954 2670 1011 2727 per
1036 2668 1103 2710 eant
1130 2647 1243 2711 Rullus
1265 2646 1463 2712 simulatione

138 2734 319 2818 largitionis
340 2736 535 2816 tyrannidem
559 2737 746 2815 constituat3
770 2763 840 2802 erun
863 2753 893 2803 et
913 2740 1100 2804 decemviris
1121 2740 1264 2802 creandis
1285 2741 1461 2805 libertatern

140 2828 262 2910 populo
283 2828 399 2912 eripiat
419 2842 451 2892 et
472 2831 505 2894 in
525 2853 678 2916 agrorum
701 2833 881 2897 venditione
904 2847 998 2916 atquc
1019 2832 1179 2915 emptione
1202 2833 1463 2920 coloniarumque

140 2922 326 2986 deductione
347 2923 538 3003 tyrannicam
561 2937 748 3008 potestatem
772 2927 847 3008 ipsis
868 2927 1041 3008 permittat.
1078 2929 1149 2990 Hae
1170 2926 1316 2991 oratione
1334 2928 1463 2993 Plutar-

139 3017 216 3079 chus
237 3016 279 3079 ait
295 3017 484 3083 Ciceronem
508 3042 570 3083 non
595 3024 692 3085 modo
714 3022 815 3105 legem
838 3022 987 3097 eiecisse,
1016 3043 1125 3085 veruna
1148 3020 1241 3084 etiam
1262 3020 1462 3087 tribunosin

139 3112 391 3192 desperationem
414 3114 629 3199 reliquorum,
653 3138 734 3199 quae
755 3116 982 3192 moliebantur,
1006 3114 1194 3180 coniecisse.
1226 3115 1301 3178 Huc
1321 3136 1464 3187 accesse-

139 3215 212 3267 runt
241 3207 321 3267 duae
352 3206 513 3271 orationes
542 3210 677 3282 breves,
712 3210 800 3294 quasi
830 3206 1091 3292 &renascentiam
1121 3209 1201 3295 legis
1231 3210 1398 3294 agrariae;
1431 3222 1465 3275 ut

138 3297 252 3361 scribit
273 3301 313 3361 ad
333 3300 475 3365 Atticum
502 3325 553 3385 cp.
577 3307 607 3365 1.
631 3304 686 3367 lib.
710 3305 775 3369 xl.
810 3305 931 3366 Harum
956 3327 1034 3381 arua,
1056 3326 1136 3387 quac
1152 3314 1263 3366 contra
1279 3306 1411 3369 Rullum
1426 3308 1465 3370 ad

139 3393 292 3475 populum
315 3395 406 3457 tertia
427 3396 560 3479 legitur,
586 3397 769 3461 brevissima
790 3410 911 3473 exstat,
937 3412 996 3480 qua
1020 3420 1053 3460 se
1072 3396 1211 3459 defendit
1234 3408 1348 3462 eontra
1370 3419 1464 3463 acen·

138 3485 293 3550 sationem
313 3488 534 3567 tribunorum,
564 3491 619 3575 qni
641 3491 829 3556 Ciceronem
849 3492 1075 3576 gratificantem
1099 3491 1299 3555 Sullanarum
1322 3492 1465 3579 assigna-

138 3579 258 3644 tionum
285 3584 525 3664 possessoribus
554 3585 698 3670 agrariac
729 3585 794 3670 legi
819 3586 975 3650 obsistere
1001 3584 1157 3649 criminati
1184 3598 1285 3650 erant.
1337 3588 1389 3651 Ita
1413 3586 1465 3651 ta·

138 3687 221 3739 etum
250 3687 316 3753 est,
348 3689 401 3751 ut,
431 3677 591 3743 Cicerone
621 3679 760 3753 dicente,
792 3681 894 3763 legem
923 3681 1100 3764 agrariam,
1131 3681 1193 3744 hoe
1219 3691 1286 3755 est,
1315 3681 1463 3745 alimenta

137 3792 214 3847 sua,
239 3769 454 3835 abdicaverint
474 3774 595 3848 tribns3
618 3787 652 3837 ut
674 3775 796 3839 Plinius
817 3775 875 3836 lib.
893 3775 975 3836 Vll.
995 3796 1065 3856 cap.
1087 3775 1140 3836 30.
1161 3772 1217 3836 ait.
1262 3774 1389 3854 Quanta
1416 3772 1464 3839 vis

139 3863 263 3927 dicendi
285 3877 316 3927 et
338 3866 517 3950 eloquentia
541 3868 570 3930 in
595 3867 753 3932 Cicerone
772 3868 886 3937 luerit,
918 3867 1109 3931 Plutarchus
1132 3889 1162 3929 c.
1186 3867 1237 3930 13.
1262 3867 1294 3929 iu
1318 3889 1359 3932 eo
1381 3888 1464 3951 quo·

140 3979 201 4041 qne
222 3959 413 4022 declaratum
434 3960 532 4022 luisse
554 3962 614 4037 ait,
639 3964 726 4044 quod
746 3961 778 4024 iu
802 3962 885 4024 illius
907 3961 1071 4023 consulatu
1093 3960 1174 4023 circa
1193 3960 1374 4042 spectacula
1389 3980 1465 4025 ese·

139 4050 198 4114 nit.
242 4054 286 4116 L.
311 4053 448 4117 Roscius
472 4054 560 4119 Otbo
582 4056 682 4140 legem
705 4056 889 4119 theatralem
912 4055 1029 4119 Pisone
1052 4067 1083 4116 et
1106 4055 1280 4120 Glabrione
1304 4076 1391 4119 enss.
1415 4064 1465 4121 tu·

140 4142 236 4219 leret,
262 4157 294 4208 ut
316 4169 410 4229 supra
434 4149 736 4212 demonstravimus:
762 4171 854 4233 quam
870 4147 961 4231 plebs
977 4151 1016 4210 ad
1036 4147 1237 4232 ignominiam
1256 4171 1344 4212 suam
1364 4148 1465 4232 perti·

140 4258 215 4301 nere
237 4241 375 4316 censuit;
406 4242 542 4326 ideoque
567 4243 717 4307 Roscium
748 4242 780 4306 in
810 4243 935 4305 theatro
960 4241 1061 4304 sibilis
1087 4253 1267 4305 consectata
1296 4255 1362 4320 est,
1395 4264 1466 4311 cunt

141 4330 263 4415 equites
293 4347 404 4399 eontra
433 4337 519 4399 illum
546 4337 661 4419 plausu
690 4347 897 4419 exceperunt.
944 4336 1077 4399 Sublato
1108 4336 1218 4398 deinde
1248 4336 1369 4401 maiore
1395 4336 1468 4400 binc

141 4423 255 4499 sibilo,
284 4425 356 4491 inde
389 4431 523 4511 plausu,
556 4429 699 4495 convicia
729 4443 759 4492 et
786 4430 936 4492 tuundtus
963 4440 1029 4492 tota
1057 4451 1155 4491 cavea
1187 4442 1376 4493 consecutus
1406 4439 1466 4493 est.

128 4517 215 4597 ,Quo
239 4519 365 4596 audito,
390 4525 443 4588 M.
467 4525 591 4589 'l'ullius
614 4524 647 4586 iu
668 4526 822 4588 theatrum
847 4524 930 4587 veuit
951 4535 981 4586 et
1002 4524 1173 4605 populum,
1206 4522 1238 4584 in
1258 4526 1368 4587 aedem
1390 4520 1467 4588 Bel·

139 4611 234 4675 louae
259 4628 441 4692 evocatum,
471 4621 734 4702 reprehendendo
764 4628 795 4681 et
825 4619 1023 4682 admonendo
1053 4616 1232 4701 castigavit.
1277 4619 1372 4681 Hanc
1395 4636 1467 4682 ora-

140 4704 259 4771 tionem
284 4712 482 4776 consularem
505 4713 628 4778 tertiam
653 4716 691 4778 de
718 4714 848 4779 Othone
869 4716 1007 4799 appellat
1027 4715 1086 4778 lib.
1102 4716 1167 4778 Xl.
1188 4734 1241 4797 ep.
1260 4716 1289 4780 1.
1311 4715 1354 4777 ad
1373 4713 1465 4778 Atta

139 4822 202 4885 qna
226 4801 372 4869 ellectum
396 4817 462 4887 est,
493 4819 528 4874 ut
550 4809 691 4888 Roscio,
721 4809 885 4876 theatralis
911 4805 1035 4876 auctori
1060 4808 1159 4895 legis,
1191 4809 1284 4894 plebs
1307 4805 1467 4894 ignoverit
