3218 5310
130 226 193 293 tta
652 223 692 287 Ρ.
715 222 929 289 nnzttttus

138 364 255 443 tius..
282 361 397 427 librum
420 360 465 425 itti
488 360 572 436 tv„
601 362 744 443 praelixa
773 362 927 447 epistola,
959 385 1021 449 qua
1050 375 1081 427 et
1109 360 1301 427 amicissime
1323 364 1478 447 appellat,

138 472 171 525 et
191 458 349 524 bominem
379 474 524 531 ,summo
548 474 653 517 secum
676 454 902 519 necessitudine
920 462 1134 537 coniunctum,
1161 460 1313 545 omnique
1337 454 1478 521 (Ιοιῑήια

140 548 265 617 it'berali
276 558 492 637 praestantem
502 544 523 573 ”
542 548 696 625 dilaudat,
719 548 895 625 dedicavit;
923 553 1038 614 addens
1060 551 1156 614 etiam
1178 550 1210 613 iu
1234 572 1278 615 eo
1300 550 1380 634 ipso
1403 554 1478 617 mul·

137 658 206 713 tum
226 644 273 709 illi
294 644 430 720 debere,
458 644 547 727 quod
568 655 600 706 et
619 640 770 725 princeps
793 646 834 707 ad
854 643 930 709 illud
952 666 1033 727 opus
1055 642 1295 725 suscipiendum
1320 668 1362 709 ac
1384 648 1477 730 perfi-

138 738 285 805 ciendum
306 734 451 801 stimulos
471 735 667 813 admoverit,
699 737 829 823 vulgata
853 738 994 802 Lucretii
1016 738 1163 819 exempla
1185 760 1260 801 cnm
1284 740 1477 823 exemplari-

137 836 199 897 bus
215 830 350 916 antiquis
366 850 404 893 ac
417 830 506 895 Mes.
521 829 736 895 conferentem
753 830 877 895 assidue
894 830 1064 907 adiuverit3
1083 831 1242 915 denique,
1265 844 1344 911 „tu,
1366 834 1477 919 inquit,

137 946 235 1013 saepe
255 946 299 987 es
322 920 460 987 obscuris
488 934 522 985 et
538 920 770 1011 propemodum
798 920 980 987 oblitteratis
1004 927 1115 987 veteru
1134 927 1315 1009 scn'thrrroe
1341 934 1478 1013 uestigiis

140 1040 245 1083 rernm
270 1014 432 1081 lectionem
457 1018 539 1107 (quo
565 1021 710 1105 ingenio,
743 1036 871 1105 quoque·
886 1020 1028 1079 acumine
1047 1016 1105 1099 es)
1128 1021 1343 1101 sagacissime
1366 1016 1475 1081 odorn-

140 1107 258 1175 bun‘s.''
300 1112 468 1177 Proiectus
496 1113 595 1175 hasce
622 1111 732 1175 laudes
760 1132 801 1173 cx
831 1122 914 1174 metu
942 1113 1099 1196 qarodam,
1130 1113 1219 1195 quod
1243 1112 1374 1175 Mureti
1403 1112 1476 1176 iram

139 1214 326 1284 vereretur,
349 1216 459 1270 censet
474 1204 680 1288 Gipbanitts.¹
724 1204 800 1288 Ego
822 1225 892 1269 cum
915 1202 1108 1287 Scaligero²
1132 1204 1237 1267 virum
1261 1228 1336 1269 eum
1362 1209 1476 1271 bouum

139 1310 240 1383 puio:
267 1320 477 1384 qttamquam,
507 1302 596 1382 quod
617 1298 811 1382 Gipbauium
838 1296 931 1361 etiarn
956 1296 1059 1379 ipsum
1082 1296 1186 1361 virum
1209 1311 1301 1361 certe
1324 1302 1476 1364 doctum³

141 1394 222 1457 adeo
241 1393 426 1469 offenderit,
456 1404 488 1455 ct
510 1392 698 1457 Lucretium
721 1413 791 1454 cum
813 1400 1098 1465 commentaretur,
1122 1390 1254 1471 saepius
1277 1392 1385 1464 eidem
1403 1393 1477 1455 malr

140 1484 258 1551 dixerit
269 1488 301 1563 ⁶,
324 1506 389 1551 unu
411 1486 487 1550 satis
505 1485 686 1551 desiderare
701 1486 837 1551 hominis
852 1484 1045 1567 probitatem
1062 1484 1320 1571 modestiamque
1337 1508 1476 1570 possum.

223 1578 257 1643 b.
301 1578 366 1643 Sed
385 1588 422 1641 ut
443 1580 483 1641 ad
504 1578 570 1643 eius
592 1579 676 1643 lacta
698 1582 882 1655 redeamus,
912 1576 1090 1643 Cardiualis
1119 1576 1337 1656 'l'urnonius,
1371 1602 1474 1665 quem

139 1674 307 1737 admodum
328 1671 410 1737 idem
431 1670 607 1735 Lambinus
627 1670 659 1735 in
681 1670 815 1747 litteris,
839 1670 955 1755 quibus
976 1669 1108 1735 Horatii
1128 1671 1247 1734 satiras
1269 1684 1303 1735 et
1326 1674 1475 1757 epistolas

138 1766 239 1831 eidem
260 1766 402 1847 dedicat,
434 1766 608 1851 siguificat,
639 1787 723 1831 anno
746 1766 829 1831 1555
851 1766 975 1831 Romae
1002 1772 1091 1839 erat,
1123 1785 1166 1826 ex
1190 1765 1301 1829 Gallia
1332 1768 1474 1831 nimirum

139 1863 259 1938 redux,
296 1870 328 1925 ct
355 1861 460 1925 Roma
496 1858 624 1941 scriptis
660 1858 773 1923 litteris
800 1856 946 1923 Haurico
974 1856 1022 1922 11.
1048 1854 1121 1941 regi
1156 1858 1196 1920 de
1231 1858 1374 1923 induciis
1410 1882 1474 1925 cnut

138 1952 365 2037 Hispaniarum
387 1974 467 2037 rege
488 1953 666 2037 gratulatus
687 1963 748 2017 est.
791 1952 881 2016 Idem
903 1960 1017 2016 auctor
1037 1949 1156 2014 Paullo
1178 1949 1248 2015 tv.
1272 1950 1355 2028 tuit,
1384 1964 1420 2018 ut
1438 1954 1474 2015 ab

141 2048 237 2113 aruris
265 2046 442 2111 discederet
469 2058 502 2111 ct
528 2046 654 2111 foederi
679 2043 849 2111 sanciendo
877 2064 1010 2127 operam
1042 2044 1147 2106 daret.
1194 2044 1300 2124 Qrtod
1321 2066 1395 2109 cum
1417 2068 1474 2111 nou

138 2140 360 2225 impetrasset,
391 2140 516 2205 veniam
540 2142 646 2205 Roma
669 2139 804 2205 abeundi
825 2137 1012 2221 postularit.
1056 2188 1073 2219 „
1088 2132 1267 2199 Veluniate
1274 2182 1287 2217 ,
1316 2138 1362 2203 ait
1383 2140 1473 2203 Lam-

139 2232 255 2311 binus,
290 2244 324 2297 et
345 2254 494 2295 concessu
523 2237 623 2320 ipsius
651 2232 771 2315 Pontif.
791 2232 884 2297 utar.
907 2250 950 2293 esc
976 2225 1059 2296 Urbe
1084 2226 1284 2295 discessisti:
1315 2235 1473 2295 eremium

139 2340 174 2391 ct
191 2348 230 2390 eo
251 2325 389 2415 empitius
407 2326 509 2391 Rontct
530 2325 677 2414 altsitisii,
706 2346 828 2389 ntenses
849 2328 973 2387 circiter
989 2318 1166 2411 quindecim
1187 2327 1224 2385 t'n
1248 2320 1400 2405 Untbrt'ct,
1419 2346 1473 2387 scs

146 2418 182 2483 V
178 2423 299 2501 cneum,
318 2422 352 2483 in
368 2418 488 2507 oppido
501 2419 686 2483 Corneliano
705 2442 819 2483 annum
835 2428 1042 2481 comntomtus
1058 2436 1104 2481 es.
1138 2413 1222 2479 Inde
1239 2413 1341 2505 longo
1360 2422 1470 2495 itinere,

140 2508 324 2575 rolendirtir
349 2534 446 2577 causa
470 2526 633 2600 suscepto,
663 2512 710 2576 ud
729 2533 830 2601 equos
855 2512 1011 2577 Lucenses
1035 2508 1075 2572 de
1104 2508 1306 2575 medicorum
1330 2518 1470 2575 sententie

134 2602 300 2689 presecnts
323 2602 392 2669 es.'’
439 2607 532 2673 Haec
562 2629 689 2692 qrtoqne
721 2606 889 2683 Lambini,
923 2606 977 2693 qui
1006 2604 1211 2671 Cardiualettt
1251 2608 1465 2683 comitabatur,

139 2694 288 2760 itinerum
319 2697 402 2763 ratio
428 2700 503 2764 fnit.
556 2701 670 2785 Itaque
705 2723 776 2765 cum
812 2700 949 2765 triennio
984 2712 1016 2763 et
1053 2718 1094 2764 co
1121 2700 1265 2783 amplius
1297 2702 1462 2767 Turuenius

141 2790 245 2853 Roma
267 2788 407 2855 abfuerit
427 2804 498 2857 aute
521 2794 613 2858 Pauli
636 2794 701 2858 lv.
726 2806 879 2870 mortem,
902 2814 983 2877 quae
1004 2794 1086 2857 XV.
1110 2794 1190 2859 itai.
1214 2794 1404 2879 Septembr.
1421 2816 1462 2857 ac·

141 2882 233 2960 cidit,
256 2882 342 2950 Iulio
363 2906 471 2951 mense
491 2896 546 2951 aut
566 2886 719 2971 Augusto
742 2890 848 2954 Roma
869 2888 1012 2952 discessit
1032 2886 1226 2951 Lambinus.

227 2978 322 3065 Ergo
343 2990 416 3043 aute
437 2980 522 3044 bunc
544 2978 624 3043 diem
645 2978 780 3063 primam
807 3004 848 3046 en
870 2981 1013 3063 epistolis
1034 2978 1154 3045 nostris
1176 2983 1380 3068 consmipsit
1398 3001 1466 3047 suun

142 3070 216 3154 ipso
239 3072 336 3139 1⁵56.
379 3072 622 3158 Insequentibus
652 3073 741 3139 anuis
762 3074 930 3150 Venetiis,
960 3073 1029 3138 sire
1057 3073 1089 3137 in
1112 3073 1321 3143 Corneliano
1343 3079 1468 3141 diversa·

141 3176 229 3244 tum,
254 3168 423 3233 ostendunt
444 3167 542 3245 aliae,
564 3187 642 3253 qttas
664 3166 813 3233 Brutus⁶
834 3166 943 3232 edidit.
970 3164 1113 3229 Venetiis
1130 3166 1176 3231 A.
1198 3166 1245 3231 D.
1268 3168 1389 3233 XVII.
1404 3165 1467 3231 Kal.

144 3258 224 3322 Mai.
252 3280 336 3321 anno
365 3258 563 3323 MDLVIII.
599 3260 703 3324 libros
729 3260 778 3325 X.
816 3260 1000 3325 Aristotelis
1027 3263 1069 3325 ad
1096 3261 1333 3329 Nicomachum
1367 3265 1469 3328 Latiae

142 3373 159 3415 a
186 3374 221 3417 se
247 3374 361 3417 versos
389 3352 513 3417 dedicat
535 3351 698 3419 Cardinali
720 3352 909 3428 'l'urnoui03
943 3373 1009 3437 qtto
1029 3352 1083 3419 ille
1104 3364 1275 3438 tempere,
1308 3368 1343 3421 ut
1365 3358 1467 3421 ibidem

139 3446 326 3529 praefatur,
348 3450 406 3529 „itt
421 3442 496 3509 urbe
512 3450 605 3509 totitn
618 3442 732 3509 Itolt'ac
742 3444 973 3531 pulcherrima,
990 3444 1247 3531 opulentisst‘ma,
1269 3456 1466 3540 quietissimo.

133 3544 345 3625 pacott'ssima
369 3562 393 3602 o
411 3542 558 3627 pristinis
580 3543 664 3603 curis
688 3534 913 3627 aliquantulum
937 3536 1112 3601 laxamenti
1133 3551 1248 3604 nuens
1267 3539 1468 3628 respirabut”

140 3706 176 3765 ds
195 3726 246 3763 sue
263 3706 392 3766 addidit?
429 3709 527 3779 Neque
544 3712 663 3769 mirum
689 3722 748 3759 nen
767 3710 842 3759 enim
862 3706 1036 3759 librariorum
1057 3720 1144 3757 errata
1166 3705 1302 3773 tollebat,
1330 3707 1378 3761 sed
1398 3708 1468 3759 Cirr-

142 3802 244 3917 ppbnept
263 3791 369 3921 iptupn9,
387 3788 412 3913 ιρι
429 3780 540 3911 qtpppdo
560 3784 699 3909 nmium?
717 3780 1166 3913 pnnpptnpdeAloleptupridcprturd
1191 3782 1367 3871 corrigebat.
1404 3780 1468 3835 riu

183 3897 192 3913 .
223 3877 313 3915 Λα.
365 3897 374 3913 .
412 3876 448 3916 .s
491 3876 574 3913 .cet.
631 3874 651 3909 a
680 3874 700 3908 n
737 3893 746 3912 .
883 3871 893 3909 t
946 3874 972 3909 m
994 3872 1056 3911 tuus
1100 3872 1143 3907 rre
1169 3874 1198 3909 nr
1218 3874 1362 3921 errorem,
1402 3872 1468 3909 usm-

143 3940 186 3991 sis
204 3878 303 3990 seduli
319 3950 451 3989 muneme
470 3950 530 3999 rus,
549 3951 585 3987 rte
603 3933 631 3987 tt
649 3930 768 3999 ucrrrr,
787 3945 914 3997 secutus,
932 3948 1026 3997 suern,
1045 3944 1077 3983 ut
1098 3930 1161 3983 aliis
1181 3948 1298 4005 quoque
1309 3874 1399 3995 locis?
1416 3930 1468 4003 pbi-

142 4008 285 4085 losepltits
311 4014 486 4064 inscientiam
505 4008 636 4081 prodidit.
672 4006 755 4059 Illum
780 4010 865 4057 etiarn
890 4005 1033 4079 appellare
1053 4002 1170 4057 videtur
1188 4022 1253 4057 curn
1270 4008 1393 4061 scribit:
1420 4008 1467 4074 Qui

143 4086 275 4141 Plautum
293 4088 497 4139 commentario
515 4098 646 4138 onustum
665 4087 772 4149 emisit,
790 4082 917 4155 pluribus
935 4082 1005 4135 locis
1023 4080 1201 4133 emendatum
1222 4098 1284 4135 non
1303 4082 1385 4137 iacile
1402 4082 1467 4133 dirr-

144 4164 209 4216 eint·
229 4188 263 4203 ··
285 4164 316 4227 t)
335 4158 386 4212 llb.
405 4164 432 4215 2.
451 4177 496 4231 ep.
515 4159 561 4215 76.
580 4158 661 4213 Mirr.
674 4157 781 4211 [sudat
800 4172 841 4221 te,
860 4172 942 4226 quern
962 4160 1001 4211 itt
1020 4170 1113 4209 tamen
1133 4160 1251 4227 accepit.
1292 4156 1353 4213 Scit
1374 4158 1468 4211 scilicet

144 4252 228 4307 quem
240 4234 341 4299 landet,
360 4248 388 4287 et
407 4252 472 4297 cun
490 4238 598 4297 metult,
616 4252 653 4287 ue
665 4230 901 4287 effendattolidu.
920 4259 958 4274 -
975 4228 1006 4303 2)
1024 4228 1216 4297 Scaligsrien.
1237 4236 1269 4285 2.
1289 4260 1328 4277 -
1346 4232 1378 4305 5)
1394 4230 1468 4283 Μιν-

144 4326 195 4361 etts
216 4310 354 4365 Velssrtte
384 4308 434 4364 iti.
457 4314 485 4369 8.
518 4326 575 4363 rer.
598 4310 762 4377 Augrrstnn.
784 4306 853 4361 edit.
882 4306 916 4361 V
914 4313 986 4361 enei.
1013 4304 1096 4363 1594·
1127 4322 1199 4375 pag·
1224 4312 1295 4367 177.
1339 4306 1468 4361 nubum

144 4384 300 4455 Gipbauius
330 4388 397 4437 iuris
424 4388 540 4439 sciretis
566 4390 695 4453 omnique
721 4386 858 4453 politioris
881 4380 1051 4435 litteraturas
1074 4380 1157 4433 laude
1182 4382 1298 4447 clarus;
1338 4400 1402 4437 uam
1426 4382 1468 4433 bet

144 4462 337 4513 testimonium
356 4464 482 4527 veritati,
500 4476 558 4511 non
578 4462 717 4511 amicitiae
736 4456 844 4511 damus.
872 4455 912 4511 V.
930 4454 1081 4509 Bortiriunt
1094 4454 1144 4508 tte.
1158 4458 1189 4513 5.
1210 4456 1341 4513 Advers.
1358 4476 1419 4525 rep.
1433 4460 1466 4511 tt

145 4530 288 4600 Iossplrum
306 4533 483 4603 Scaligsrrrm
502 4539 532 4585 in
550 4533 656 4605 Copam
673 4540 727 4587 eet.
752 4561 789 4576 -
817 4526 849 4605 tl)
867 4530 949 4583 Illum
966 4539 1092 4603 spectare
1112 4540 1248 4585 censetur·
1264 4534 1366 4605 praes.
1386 4540 1415 4585 in
1431 4530 1466 4581 Cr·

144 4624 202 4661 err.
240 4608 298 4660 llae
316 4608 491 4682 respondebo
510 4645 518 4662 .
538 4646 547 4662 .
567 4646 603 4663 ..
630 4626 644 4661 a
670 4612 779 4661 nemius
805 4612 847 4662 sni
868 4606 973 4661 laboris
992 4604 1114 4661 fructum
1133 4607 1319 4681 lmpudeuter
1336 4626 1418 4681 atque
1434 4614 1465 4659 in·

145 4686 218 4736 iuste
237 4685 266 4734 in
284 4701 330 4737 ms
350 4684 532 4747 transtulisse;
552 4684 626 4756 qnod
645 4702 734 4756 nuper
753 4687 782 4737 in
801 4699 865 4735 mee
884 4684 1012 4737 Lucretio
1031 4681 1145 4753 quidam
1164 4687 1301 4737 omniurn
1322 4684 1463 4740 mortalium

145 4756 383 4831 petulantissimus
402 4775 484 4829 atque
504 4759 759 4831 impudentissimus
778 4758 855 4814 iecit·
876 4786 908 4799 ·-
931 4760 961 4825 ⁵)
975 4774 1048 4827 pag·
1065 4760 1133 4817 578·
1150 4756 1221 4811 vide
1239 4767 1270 4809 *ἒ
1292 4762 1359 4821 stt.
