3218 5310
702 243 941 322 ntsroum.
1125 336 1131 341 Ι
1421 246 1462 312 ιι

136 404 213 456 tum
229 387 386 463 senatui,
414 399 490 450 tum
502 376 648 470 populo,
679 387 839 451 concione
856 374 1089 451 oconeulilnas
1103 387 1204 463 dare,
1232 387 1268 450 in
1285 399 1408 451 senam
1428 399 1462 450 et

99 518 105 531 ·
136 487 175 551 in
195 483 361 550 concione
381 482 465 566 egit.
510 484 562 546 Eu
587 481 702 554 biduo,
733 503 804 543 cum
831 491 914 543 esset
936 502 1077 545 annonae
1098 503 1214 544 summa
1238 481 1370 554 caritas,
1401 483 1463 544 ho·

139 580 239 644 mines
274 579 380 660 primo
410 578 451 639 ad
481 577 636 639 theatrum
668 587 840 647 venerunt,
872 573 924 637 ubi
953 576 996 637 L.
1023 574 1167 639 Caecilio
1199 576 1286 638 Ruso
1313 586 1461 655 praetore

139 676 234 739 ludos
253 671 462 754 Apollinares
486 669 623 734 faciente
651 669 693 732 ita
722 668 825 730 infima
849 667 1004 730 concitata
1028 669 1194 732 multitudo
1216 688 1359 731 annonae
1381 666 1463 729 cari·

138 779 205 831 tate
228 765 416 829 tumultuata
438 776 504 839 est,
529 775 563 825 ut
585 784 712 835 omnes,
735 762 840 847 quiin
864 765 989 825 theatro
1012 762 1173 844 spectandi
1194 783 1296 839 carisa,
1312 765 1463 824 consede·

139 873 230 935 rant',
259 859 476 943 pellerentur:
507 856 617 920 deinde
639 855 730 918 iidem
753 857 792 917 ad
814 854 1026 937 Capitolium,
1058 855 1111 918 nbi
1131 868 1195 917 tum
1220 867 1343 917 senatus
1367 854 1464 916 babe-

141 958 253 1028 batur,
278 961 521 1031 cuncprrerunt.
565 948 709 1031 Cumque
733 951 855 1011 caedem
879 963 911 1011 et
932 949 1144 1012 incensionem
1165 948 1464 1031 Capitoliiscnato·

141 1051 232 1113 ribus
257 1046 450 1110 minarentur
473 1054 567 1127 atque
589 1042 709 1105 idcirco
728 1064 788 1123 per
811 1063 868 1106 eos
889 1043 974 1118 dies,
1008 1042 1124 1127 quibus
1145 1055 1270 1105 senatus
1284 1045 1323 1105 de
1339 1062 1464 1104 annona

141 1142 339 1215 habebatur,
368 1138 551 1204 consulares
572 1136 717 1220 plerique
739 1139 902 1210 abessent,
935 1140 1022 1221 quod
1046 1147 1116 1201 tuto
1138 1159 1171 1199 se
1194 1148 1346 1220 negarent
1368 1157 1463 1216 posse

141 1234 328 1302 seutentiam
355 1231 482 1298 dicere:
513 1230 544 1294 iu
569 1230 734 1295 Ciceronis
758 1230 939 1294 seutentiam
965 1231 1083 1293 laetum
1111 1241 1159 1293 est
1181 1232 1216 1294 S.
1240 1229 1282 1294 C.
1307 1243 1400 1314 atque
1423 1251 1465 1294 cx

142 1354 183 1396 eo
205 1332 259 1394 lex
280 1326 500 1411 promulgata,
532 1336 565 1386 ut
587 1324 745 1404 Pompeio
770 1347 829 1406 per
857 1324 1101 1410 quinquennium
1131 1324 1233 1389 omnis
1253 1336 1396 1406 potestas
1418 1323 1467 1388 rei

141 1419 369 1489 frumentariae
387 1431 457 1483 tuto
478 1420 558 1483 orbe
573 1430 728 1482 terrarum
744 1421 893 1494 daretnr;
915 1418 1032 1484 Cicero
1050 1440 1112 1501 pru
1129 1421 1224 1483 domo
1240 1440 1313 1500 cap.
1327 1420 1359 1482 3.
1371 1440 1465 1502 seqq.

144 1531 177 1582 et
194 1517 293 1601 epist.
317 1519 349 1577 1.
371 1513 430 1576 lib.
449 1512 513 1576 IV.
539 1515 579 1576 ad
599 1514 692 1587 Att.,
724 1508 885 1576 Asconius
910 1512 941 1575 in
962 1512 1172 1577 Milonianam
1200 1534 1270 1594 cap.
1291 1504 1358 1588 ll.,
1388 1514 1468 1576 Plu·

144 1612 275 1676 tarchus
293 1609 326 1671 iu
345 1605 502 1688 Pompeio
523 1616 553 1667 et
571 1605 637 1668 Dio
659 1605 716 1668 lib.
735 1607 909 1680 XXXIX,
935 1608 967 1671 9.
1012 1608 1128 1670 Secuta
1151 1617 1199 1669 est
1220 1607 1330 1670 deinde
1352 1630 1466 1691 magna

143 1703 310 1772 eontentio
342 1702 382 1763 de
407 1701 503 1763 dumo
532 1697 718 1772 Ciceronis,
748 1721 841 1781 quam
866 1699 998 1763 Clodius
1020 1699 1178 1762 Libertati
1207 1712 1465 1765 consecraverat.

142 1799 294 1882 Pupulus
315 1790 384 1859 ea'nr
405 1790 540 1857 comitiis
562 1791 746 1855 centuriatis
763 1795 875 1854 eodem
895 1793 963 1855 iure
984 1813 1053 1856 esse
1072 1792 1225 1866 iusserat,
1257 1816 1322 1877 quo
1342 1794 1466 1858 fuisset.

142 1898 270 1959 Verum
287 1901 413 1954 senatus
432 1889 635 1960 decreverat,
661 1897 695 1947 ut
713 1887 751 1948 de
769 1884 836 1946 eius
856 1885 1013 1968 religione
1032 1887 1070 1948 ad
1087 1885 1277 1950 Pontificum
1297 1886 1468 1970 collegium

142 1988 344 2056 referretur3
374 1993 407 2044 ut
437 1991 484 2043 est
510 1977 541 2040 in
564 1990 648 2043 orat.
671 1981 710 2042 de
732 1981 863 2060 harusp.
887 2000 974 2060 resp.
1003 2000 1076 2060 cap.
1098 1979 1130 2040 6.
1176 1979 1272 2059 Apud
1300 1980 1469 2061 pontifices

142 2080 249 2165 pridie
272 2077 349 2142 Kal.
372 2073 654 2141 Octobr.·Cicero
684 2072 965 2154 prodomodixit
990 2073 1276 2148 remorationem,
1309 2097 1390 2157 qnae
1411 2098 1469 2138 ex·
1523 2094 1528 2107 ‘

144 2185 227 2236 stat:
259 2170 291 2234 in
314 2191 375 2252 qua
397 2158 530 2249 prinuuir
549 2169 724 2248 respondet
741 2165 878 2240 Clodio,
908 2165 960 2247 qui
983 2166 1137 2229 actionem
1160 2167 1226 2229 eius
1249 2169 1287 2230 de
1309 2180 1469 2249 potestate

142 2268 191 2331 rei
214 2261 443 2329 lrumeutariae
468 2261 626 2343 Pompeio
661 2262 760 2323 danda
787 2260 1056 2341 reprehenderam
1088 2260 1198 2322 deinde
1227 2281 1313 2322 suam
1343 2263 1469 2325 domum

143 2370 284 2444 propter
307 2347 413 2421 Clodii
434 2354 703 2417 consecrationem
729 2373 849 2414 sacram
871 2374 936 2416 non
957 2373 1042 2423 esse,
1066 2355 1121 2415 sed
1145 2356 1183 2415 ab
1208 2354 1293 2417 uruni
1311 2356 1471 2439 religione

145 2473 276 2516 raetiam
298 2462 390 2533 atque
409 2471 519 2531 puram
538 2451 644 2511 docet.
681 2448 780 2522 Natu,
806 2459 838 2510 ut
856 2448 920 2512 Dio
943 2449 1001 2513 lib.
1021 2451 1197 2525 XXXIX,
1222 2472 1252 2511 c.
1273 2453 1324 2512 11.
1346 2448 1467 2525 scribit,

143 2546 297 2610 lationem
322 2543 404 2628 legis
430 2541 586 2614 curiatae,
617 2562 678 2620 qna
699 2562 716 2603 e
737 2542 878 2623 patriciis
904 2545 946 2604 ad
972 2543 1095 2624 plebem
1125 2544 1260 2608 Clodius
1287 2541 1468 2616 transierat,

143 2639 336 2712 criminans,
367 2638 453 2719 quod
476 2657 516 2697 ex
534 2633 677 2698 instituto
698 2635 849 2696 rrraiorum
867 2657 925 2717 per
947 2637 1160 2700 trinundiuum
1183 2638 1385 2722 promulgata
1406 2658 1471 2700 non

143 2733 277 2807 inisset,
303 2751 427 2794 omnem
452 2729 519 2790 eius
541 2727 752 2802 tribunatum,
777 2726 809 2791 in
832 2751 896 2811 quo
919 2730 1010 2793 etiam
1033 2734 1071 2794 de
1092 2734 1189 2795 domo
1207 2725 1373 2796 Ciceronis
1394 2753 1471 2795 con·

143 2825 310 2900 stituerat,
335 2822 468 2899 evertit,
493 2822 649 2884 affirmans
673 2821 749 2884 nihil
770 2826 808 2885 ab
828 2845 867 2887 eu
884 2826 1012 2888 tribuno
1030 2827 1116 2907 pleb.
1138 2826 1207 2889 iure
1224 2826 1294 2889 lieri
1317 2829 1470 2909 potuisse,

146 2921 200 3006 qui
225 2919 297 3003 ipse
324 2930 436 2982 contra
459 2938 552 2979 orune
573 2918 621 2979 ius
644 2916 784 2998 plebeius
806 2918 909 2981 laetius
935 2931 1028 2982 essct.
1072 2921 1181 3003 Atque
1201 2922 1244 2983 ita
1266 2920 1472 3003 pontificibus

146 3011 325 3098 persuasit,
354 3023 387 3075 ut
409 3010 470 3073 sibi
492 3031 616 3081 aream,
647 3033 728 3094 quae
751 3012 790 3072 ab
812 3012 896 3074 omni
918 3012 1074 3098 religione
1096 3035 1196 3076 vacua
1219 3024 1249 3076 et
1270 3036 1351 3097 pura
1374 3028 1470 3092 esset,

145 3107 365 3173 restituerent.
410 3106 574 3168 Hactenus
597 3102 676 3167 Dio.
721 3104 835 3188 Itaque
858 3105 974 3169 Cicero
1000 3105 1032 3168 iu
1056 3105 1205 3170 Pisonem
1231 3129 1304 3189 cap.¹
1327 3108 1379 3171 22.
1407 3109 1471 3173 ait:

149 3205 210 3268 Me
234 3198 518 3285 consequentibns
542 3197 660 3260 diebus
684 3197 719 3261 in
738 3220 780 3260 eo
802 3199 880 3281 ipso
903 3201 1024 3274 domo,
1053 3213 1178 3285 quatu
1198 3224 1250 3264 me
1271 3205 1471 3285 expuleras,

147 3316 254 3381 quom
273 3294 472 3375 expiioras,
495 3312 598 3382 quana
619 3290 837 3366 incenderes,
859 3293 1063 3375 pontifices,
1086 3297 1260 3369 consules,
1283 3299 1324 3361 P.
1342 3300 1380 3361 0.
1404 3299 1473 3360 col-

146 3391 346 3453 torruerunt
373 3385 523 3469 'mihique
546 3385 639 3468 qnod
663 3397 743 3448 ante
772 3407 824 3447 me
853 3387 981 3450 nemini
1005 3387 1155 3470 pecnnia
1179 3389 1319 3471 publica
1346 3389 1473 3467 oedifi-

147 3480 296 3545 cendam
318 3481 458 3543 domum
480 3490 697 3541 censuerunt.
732 3478 769 3541 In
793 3501 885 3562 quem
907 3478 1012 3544 locum
1030 3483 1187 3544 Asconius
1210 3483 1376 3568 legendus.
1412 3484 1473 3545 Sn-

145 3574 312 3659 perliciem
333 3573 455 3636 aedium
478 3571 625 3634 consules
648 3574 686 3634 de
711 3573 835 3635 consilii
861 3574 1013 3637 sententia
1038 3575 1239 3638 aestimarunt
1262 3579 1335 3642 Hs.
1361 3577 1471 3652 vicies,

148 3667 361 3733 ‘I'ueculanam
390 3667 494 3729 villam
519 3670 590 3734 tis.
621 3666 800 3749 quingentis
830 3666 969 3742 milibus,
999 3667 1203 3732 Formianum
1232 3671 1305 3734 He.
1332 3670 1473 3734 ducentis

147 3760 378 3849 quinquaginta
410 3760 552 3834 milibus;
584 3761 677 3844 epist.
702 3761 734 3823 2.
765 3759 821 3821 lib.
845 3761 910 3823 IV.
941 3763 979 3824 ad
1000 3764 1070 3825 Att.
1114 3763 1238 3826 Eodem
1261 3785 1343 3828 auno
1364 3764 1474 3834 Ptole,-

148 3876 258 3920 maeus
277 3854 411 3919 Auletes
434 3877 494 3918 rex
517 3854 676 3939 Aegypti,
708 3876 796 3928 cum,
826 3844 948 3938 ingenti
969 3855 1101 3938 pecnnia
1124 3869 1329 3940 cousumpta,
1360 3867 1394 3917 ut
1415 3879 1474 3920 rex

148 3962 246 4033 atque
267 3947 375 4012 socius
394 3947 507 4031 populi
526 3951 624 4013 Rom.
645 3949 879 4029 appellaretur,
904 3970 970 4011 cam
992 3950 1023 4013 vi
1046 3955 1085 4015 ab
1104 3950 1275 4034 Aegyptiis
1299 3961 1474 4036 extorque-

148 4056 200 4108 ret
228 4053 264 4107 et
291 4064 362 4106 cnm
385 4044 449 4107 boc
475 4043 618 4117 numine,
651 4044 822 4124 tumqnod
850 4041 992 4125 Cyprum
1020 4067 1037 4107 a
1062 4046 1215 4111 Romanis
1244 4057 1390 4125 repetere
1419 4060 1474 4111 aut

147 4135 318 4200 amicitiam
343 4134 387 4199 eis
412 4135 593 4198 renuntiare
619 4135 734 4203 nollet,
773 4138 855 4217 apud
888 4159 963 4200 suos
995 4139 1196 4202 offendisset:
1235 4158 1338 4221 regno
1362 4141 1472 4221 pulsus

145 4232 286 4296 Romam
316 4229 402 4293 veuit
432 4231 473 4295 P.
498 4227 640 4292 Lentulo
669 4227 762 4290 etiam
793 4241 858 4292 tum
887 4232 1034 4307 consule,
1070 4232 1121 4295 cui
1148 4229 1261 4296 Cilicia
1290 4232 1471 4316 obtigerat,

145 4338 280 4408 petens,
304 4323 389 4386 utin
408 4343 539 4405 regnum
557 4321 789 4385 restitueretur.
825 4325 982 4407 Aegyptii
997 4347 1126 4410 quoque
1143 4326 1286 4408 legatos,
1312 4325 1367 4408 qui
1385 4327 1473 4412 regis

146 4417 281 4483 aimiua
312 4427 507 4502 purgarent,
539 4416 705 4489 miseruut;
735 4419 774 4480 de
801 4417 915 4501 quibus
943 4419 1008 4483 Diu
1034 4420 1203 4482 XXXIX.
1232 4430 1264 4480 ct
1289 4418 1408 4485 Cicero
1435 4424 1475 4486 de

147 4513 283 4593 barusp.
306 4531 454 4592 respons.
476 4528 548 4591 cap.
573 4509 624 4571 16.
670 4509 757 4572 Ante
781 4510 860 4573 diem
880 4512 1006 4574 tertium
1031 4514 1119 4576 Nou.
1143 4513 1323 4577 Novcmbr.
1350 4515 1477 4597 expulsi

147 4606 280 4670 luetrmt
295 4603 380 4668 labri
397 4606 435 4666 de
455 4622 527 4666 area
549 4600 728 4667 Ciceronis.
768 4603 878 4683 Quinti
896 4605 1005 4668 fratris
1023 4608 1134 4670 domus
1155 4607 1260 4690 primo
1277 4608 1378 4671 lracta
1398 4630 1478 4673 con·

148 4700 235 4763 iectu
258 4697 397 4780 lapidum
419 4719 462 4761 ex
486 4717 560 4760 arca
579 4694 705 4772 Marci,
729 4697 838 4759 deinde
857 4697 1046 4762 inflammata
1071 4698 1160 4764 iussu
1181 4699 1306 4776 Clodii;
1329 4702 1423 4785 epist.
1443 4703 1477 4765 3.

150 4792 209 4857 lib.
229 4793 297 4857 tv.
321 4794 360 4856 ad
382 4793 455 4856 Att.
477 4792 591 4854 ·Haec
615 4802 662 4854 est
687 4789 734 4853 vis
759 4790 813 4854 illa
837 4791 976 4869 nelarie,
1005 4813 1067 4878 qua
1094 4814 1128 4858 se
1151 4817 1220 4859 cnm
1252 4796 1351 4860 iratre
1381 4797 1477 4859 domo
