3218 5310
672 285 909 352 HISTORIA.

296 448 399 510 Anno
423 446 524 510 Urbis
545 449 705 541 DCLIII.
729 446 902 512 Ciceronis
924 450 1004 512 VII.
1027 468 1115 511 cosa.
1127 444 1287 538 ficerunt

274 588 316 663 C.
350 589 539 666 MARIUS
573 590 659 685 VI.,
701 590 746 664 L.
782 589 1032 667 VALERIUS
1067 588 1305 666 FLACCUS.

210 746 338 808 Horum
367 746 530 808 consulum
559 745 712 830 frequens
741 757 789 808 est
817 747 933 811 mentio
964 750 1046 829 apud
1073 746 1261 811 Ciceronem
1288 767 1349 828 pro
1377 745 1445 810 Ra·

123 837 228 912 birio,
261 858 331 919 cap.
348 842 377 901 7.
399 837 432 900 in
455 839 579 912 Bruto,
611 861 682 920 cap.
708 841 757 906 62.
778 841 808 902 in
832 841 1000 927 Catilinam
1023 842 1053 903 I.
1084 863 1155 922 cap.
1180 841 1211 903 2.
1236 851 1267 903 et
1288 838 1319 904 iu
1343 841 1448 905 Anto·

125 934 210 994 niunr
234 943 317 995 orat.
342 933 443 994 VIII.
467 954 536 1015 cap.
559 934 591 996 5.
637 932 760 1012 Quibus
782 935 826 996 L.
850 935 1028 1016 Appuleius
1051 933 1239 997 Saturninus
1261 933 1446 997 seditionem

124 1027 237 1090 movit.
272 1027 305 1091 Is
327 1026 425 1101 enirn,
450 1049 520 1089 curn
543 1048 624 1089 anno
647 1026 812 1108 superiore
834 1027 1011 1088 tribunatus
1032 1027 1290 1109 competitorem,
1316 1031 1359 1091 A.
1377 1028 1446 1090 No-

125 1123 209 1182 niruu
237 1122 295 1197 (de
325 1143 390 1205 quo
420 1121 546 1185 nornine
575 1122 648 1185 ride
677 1121 896 1185 antrotationes
925 1134 1049 1184 nostras
1077 1120 1109 1182 in
1139 1142 1210 1202 cap.
1236 1123 1288 1185 17.
1317 1122 1374 1186 lib.
1396 1123 1443 1186 V.

126 1213 256 1293 Orosii)
285 1214 452 1277 adiuvante
483 1215 524 1280 C.
554 1217 663 1279 Mario
693 1214 877 1290 occidisset,
908 1236 1008 1298 eaque
1036 1216 1158 1278 ratione
1186 1216 1330 1279 tribunus
1358 1217 1445 1298 pleb.

125 1306 240 1369 itertuu
270 1307 372 1368 Iactus
408 1308 508 1391 legem
543 1309 699 1394 agrariam
729 1328 787 1390 per
817 1307 880 1371 viru
908 1309 1050 1384 tulisset,
1084 1310 1117 1372 in
1147 1331 1239 1394 quarn
1270 1332 1285 1371 a
1314 1310 1445 1394 singulis

124 1399 324 1463 senatoribus
340 1399 435 1462 iurari
451 1402 567 1474 voluit:
591 1403 633 1481 Q.
651 1404 787 1466 Metello
809 1403 993 1478 Numidico,
1017 1403 1071 1488 qui
1094 1425 1173 1467 ttnrrs
1196 1404 1225 1466 in
1248 1424 1315 1466 earu
1336 1403 1444 1467 iurare

121 1493 240 1568 noluit,
273 1494 353 1557 diem
381 1495 471 1556 dixit.
518 1497 670 1559 Metellus
698 1509 818 1572 aretem,
854 1496 906 1558 cui
936 1497 1057 1579 patriae
1084 1497 1168 1560 salus
1192 1498 1316 1560 dulcior
1349 1520 1441 1581 quant
1484 1576 1491 1587 1

120 1598 310 1668 conspectus
332 1599 418 1663 erat,
443 1592 481 1651 de
505 1587 629 1652 civitate
653 1592 760 1653 maluit
791 1614 882 1675 qrraru
906 1594 943 1654 de
966 1591 1118 1655 sententia
1140 1590 1320 1656 dimoveri:
1344 1604 1375 1655 et
1397 1591 1440 1656 C.

121 1679 234 1744 Mario
256 1692 377 1743 sextum
401 1681 523 1744 consuli
545 1693 576 1743 ct
599 1684 663 1745 eius
684 1684 808 1746 invictis
832 1684 1027 1768 legionibus,
1059 1705 1096 1747 ne
1123 1682 1217 1747 armis
1240 1683 1440 1769 confligeret,

121 1776 294 1837 cedendum
317 1796 386 1837 esse
408 1776 508 1840 duxit.
552 1775 669 1840 Cicero
693 1799 752 1858 pro
776 1779 896 1850 Balbo,
922 1799 992 1858 cap.
1013 1780 1042 1841 5.
1064 1799 1125 1858 pro
1149 1777 1272 1856 Sestio,
1295 1799 1365 1858 cap.
1387 1779 1441 1841 to.

122 1865 204 1929 etin
227 1868 394 1942 Pisonem,
425 1890 496 1951 cap.
520 1870 552 1932 9.
597 1870 659 1938 Sed
689 1892 756 1931 cum
780 1870 860 1932 idern
884 1869 1069 1932 Saturninus
1093 1869 1134 1933 C.
1158 1870 1344 1932 Memmium
1368 1890 1443 1932 ceu·

121 1958 257 2022 didatum
294 1962 474 2024 consulatus
510 1962 743 2034 interfecisset,
780 1984 973 2046 operamque
1007 1966 1115 2038 daret,
1153 1975 1187 2024 ut
1220 1962 1261 2026 C.
1286 1963 1442 2027 Servilius

122 2052 273 2129 Glaucia,
303 2069 453 2136 praetor,
486 2058 596 2119 consul
626 2056 733 2130 lieret,
766 2058 801 2118 S.
826 2055 868 2119 C.
891 2056 1009 2118 Iactum
1033 2068 1094 2129 est,
1125 2068 1158 2118 ut
1185 2056 1330 2118 consules
1355 2055 1445 2119 vide-

120 2158 210 2220 rent,
245 2168 284 2210 nc
313 2150 386 2232 quid
418 2172 470 2212 res
497 2149 625 2231 publica'
654 2149 832 2212 detrimenti
859 2162 997 2231 caperet.
1054 2151 1166 2233 ltaque
1195 2149 1381 2211 Saturninus
1409 2158 1442 2213 et

122 2239 253 2303 Glaucia
276 2244 378 2305 statim
401 2255 473 2306 sunt
494 2243 667 2307 interfecti.
707 2243 823 2307 Cicero
847 2266 908 2324 pro
932 2241 1085 2317 Rabirio,
1110 2263 1182 2324 cap.
1199 2246 1231 2304 7.
1246 2240 1284 2304 ’ἰιι
1309 2241 1439 2306 Catilio.

120 2332 151 2395 I.
175 2356 247 2416 cap.
265 2337 296 2398 9.
320 2338 463 2418 Philipp.
482 2339 583 2401 VIII.
608 2360 678 2418 cap.
695 2340 725 2400 5.
751 2352 781 2401 et
796 2339 826 2400 in
844 2340 964 2412 Bruto,
990 2357 1060 2417 cap.
1078 2336 1131 2396 60.
1166 2335 1327 2397 Saturnini
1348 2348 1442 2417 eaput

120 2426 287 2491 Rabirium
315 2435 466 2514 quendam
497 2444 672 2494 senatorem
702 2454 760 2513 per
782 2431 936 2514 ⁴connivia
964 2428 1209 2502 circumtulisse,
1244 2429 1371 2491 Auctor
1404 2430 1442 2490 de

119 2520 199 2584 viris
225 2522 399 2585 illustribus
428 2525 561 2598 scribit,
587 2547 657 2606 cap.
683 2528 735 2588 73.
781 2527 889 2605 Quare
918 2537 1027 2607 postea
1059 2521 1216 2586 Cicerone
1244 2521 1373 2583 consule
1397 2518 1439 2583 C.

115 2614 268 2679 Rabirius
291 2615 455 2680 accusatus
477 2620 536 2681 Iuit
558 2641 574 2680 a
599 2623 641 2682 ’1.
665 2619 831 2694 Labieno,
854 2617 941 2679 euius
962 2629 1094 2698 patruus
1118 2616 1160 2694 Q.
1185 2615 1345 2677 Labienus
1368 2636 1439 2676 cum

117 2707 290 2772 Saturnino
314 2712 437 2774 occisus
460 2712 575 2777 suerat.
613 2712 734 2775 Cicero
747 2734 808 2795 pro
825 2711 973 2785 Rabirio,
999 2707 1134 2775 Orosius
1157 2707 1211 2771 lib.
1226 2711 1273 2771 V.
1296 2730 1367 2790 cap.
1385 2713 1438 2772 17.

116 2804 149 2864 Α
165 2802 336 2867 Saturnino
359 2805 440 2867 latae
462 2816 533 2866 sunt
556 2807 644 2888 leges
663 2805 862 2887 Appuleiae,
885 2805 917 2867 in
940 2804 1053 2889 quibus
1075 2802 1224 2876 sentilla,
1250 2825 1310 2887 qua
1328 2804 1439 2865 Satur·

116 2897 209 2958 ninus
232 2897 272 2961 C.
289 2899 397 2962 Mario
420 2898 508 2973 tulit,
534 2913 566 2962 ut
589 2902 619 2962 in
643 2899 781 2982 singulas
804 2889 944 2962 colo'nias
968 2909 1077 2962 ternos
1099 2896 1183 2960 cites
1207 2899 1369 2961 Romanos
1390 2896 1440 2958 sa·

115 3012 191 3054 cere
213 3005 339 3074 posset,
364 2995 402 3056 de
425 3014 485 3078 qua
510 2992 627 3057 Cicero
650 3014 711 3075 pro
735 2992 838 3057 Balbo
861 3013 932 3073 cap.
959 2991 1012 3055 tt.

276 3223 378 3283 Anno
400 3218 501 3283 Urbis
522 3221 679 3284 DCLIV.
703 3218 877 3284 Ciceronis
898 3220 997 3283 VIII.
1021 3237 1109 3279 coer.
1121 3214 1280 3305 fuerunt

244 3361 294 3435 III.
335 3359 612 3456 ANTONIUS,
657 3367 700 3434 Α.
746 3358 1035 3436 POSTUMIUS
1079 3356 1308 3433 ALBINUS.

201 3517 252 3582 Dc
268 3516 315 3579 bis
330 3515 446 3581 Cicero
462 3520 492 3578 in
510 3516 604 3578 Orat.
628 3528 701 3596 post
724 3516 856 3578 reditum
880 3517 917 3576 ad
934 3513 1073 3595 Quirites
1097 3535 1168 3594 cap.
1186 3515 1215 3577 5.
1248 3516 1437 3596 Nunquam

115 3611 157 3674 de
179 3614 221 3693 Q.
239 3612 379 3674 Metello
402 3612 440 3673 C.
456 3610 616 3682 Marius,
640 3611 698 3692 qui
716 3621 790 3670 erat
807 3608 984 3679 iuimicus,·
1005 3607 1065 3670 seri
1087 3629 1128 3668 rte
1150 3607 1181 3668 is
1199 3607 1352 3690 quidem,
1377 3604 1436 3686 qui

113 3717 252 3768 sectaris
272 3716 340 3779 est,
368 3707 425 3767 M.
447 3704 636 3776 Antonius,
672 3706 773 3764 borno
796 3701 1109 3783 eloquentissimae,
1145 3722 1222 3761 eum
1244 3703 1287 3762 A.
1311 3698 1435 3759 Albino

112 3800 247 3882 collega
267 3808 422 3862 senatum
445 3808 506 3858 aut
526 3799 690 3878 populum
713 3807 763 3856 est
777 3797 987 3857 cohortatus.
1036 3795 1112 3856 Hoc
1134 3806 1234 3854 tamen
1258 3810 1339 3850 anno
1363 3789 1437 3850 Me-

115 3892 208 3953 tellus
232 3891 319 3953 uuius
342 3889 461 3953 tribuni
479 3892 524 3971 pl.
542 3890 708 3972 rogatione
728 3891 766 3948 ab
782 3888 876 3951 exilio
893 3898 1059 3949 revocatus
1074 3896 1138 3958 est,
1164 3883 1256 3963 epist.
1275 3882 1305 3943 9.
1330 3879 1385 3941 lib.
1403 3881 1433 3945 I.

115 3988 154 4046 ad
177 3985 291 4047 Famil.
322 3984 483 4047 'l'ribunus
505 3983 563 4046 suit
587 3982 629 4063 Q.
647 3980 786 4050 Calidius
808 3993 939 4044 auctore
958 3979 1091 4042 Valerio
1114 3979 1171 4039 lib.
1192 3977 1236 4037 V.
1261 3996 1329 4054 cap.
1347 3975 1376 4049 2,
1402 3977 1432 4037 7.

116 4077 234 4141 Calidii
256 4078 327 4161 Iege
349 4077 392 4155 Q.
416 4075 583 4139 Metellum
613 4075 640 4137 in
664 4076 822 4137 civitatem
844 4075 1022 4138 restitutum
1049 4072 1144 4135 luisse
1167 4066 1284 4132 Cicero
1307 4089 1435 4152 qrtoque

111 4193 175 4254 pro
197 4170 329 4235 Plancio
359 4191 431 4251 cap.
455 4171 508 4232 98.
532 4170 586 4231 ait.
631 4170 753 4232 Eodem
783 4189 864 4231 arrno
891 4168 1035 4228 tribunus
1064 4165 1109 4244 pl.
1133 4160 1193 4223 tuit
1216 4161 1292 4222 Sex.
1316 4160 1432 4234 titius,

113 4269 213 4328 borno
242 4264 407 4327 seditiosus
434 4274 466 4326 et
492 4262 707 4325 turbulentus:
742 4263 791 4324 cui
814 4262 974 4325 Antonius
1001 4255 1111 4320 consul
1143 4253 1276 4335 restitit,
1312 4267 1344 4315 ut
1367 4254 1433 4334 ipsc

112 4370 222 4421 narrat
245 4358 300 4421 lib.
322 4358 370 4420 II.
398 4379 469 4438 cap.
494 4359 547 4418 11.
577 4359 614 4417 de
638 4357 797 4426 Oratorc;
828 4355 880 4416 ubi
910 4357 946 4414 dc
973 4347 1151 4411 testimonio
1174 4367 1232 4408 suo
1260 4345 1290 4408 in
1315 4346 1433 4407 'l'itiuru

112 4474 205 4516 reum
227 4454 304 4536 agit.
340 4450 414 4513 Fuit
443 4450 522 4512 enim
551 4451 601 4511 bic
624 4449 728 4511 'l'itius
757 4460 919 4508 aceruatos
949 4456 979 4505 ct
1002 4442 1244 4511 condemnatus,
1282 4441 1367 4520 quod
1391 4440 1432 4500 L.

112 4545 276 4608 Saturnini
298 4545 461 4628 imaginem
485 4543 569 4606 domi
591 4563 666 4605 suae
689 4542 867 4613 habuisset,
892 4551 924 4599 ut
947 4533 1058 4597 scribit
1085 4530 1200 4595 Cicero
1222 4555 1284 4612 pro
1308 4530 1349 4592 C.
1371 4533 1436 4594 Ra·

111 4639 217 4713 birio,
242 4659 312 4720 cap.
330 4640 362 4703 9.
385 4649 415 4698 et
431 4635 580 4698 Valerius
604 4636 659 4698 lib.
676 4636 777 4698 VIII.
801 4655 871 4714 cap.
889 4631 953 4703 13„
979 4627 1033 4711 qui
1056 4626 1098 4690 ait
1121 4648 1190 4689 eum
1214 4627 1284 4708 lege
1308 4624 1433 4707 agraria

113 4732 291 4811 gratiosum
312 4732 423 4795 fuisse.
464 4731 523 4792 Est
544 4750 624 4812 ergo
647 4728 691 4803 is,
716 4729 754 4790 de
777 4747 841 4811 quo
857 4722 1044 4804 Obsequeus
1067 4721 1096 4783 in
1121 4719 1253 4783 Antonii
1276 4727 1306 4779 et
1326 4714 1435 4778 Albini

113 4826 281 4893 consulatu
309 4827 386 4895 lutee
408 4823 536 4893 scribite
570 4826 653 4888 sex.
675 4818 790 4901 Titius
815 4815 980 4902 (Sextius
1005 4815 1036 4877 in
1058 4815 1261 4896 Obsequeute
1286 4811 1433 4877 mendose
