3218 5310
204 274 246 337 so
609 248 663 334 M.
692 267 856 334 suctu
883 237 1136 332 emenonis

305 412 396 478 Anno
421 409 517 476 Urbis
541 409 782 474 nctXXr'ttt.
805 409 973 473 Ciceronis
1003 406 1157 469 XXXII.
1179 425 1265 468 coss.
1281 390 1430 482 su'erunt

409 552 454 626 1..
483 549 757 645 oeravms,
795 550 837 625 c,
867 547 1114 625 suasuros
1143 546 1324 621 eorm.

289 709 340 773 De
368 708 416 770 his
447 706 563 772 Cicero
591 705 621 769 in
651 707 786 769 Verrem
816 706 881 771 111.
906 700 978 787 eap‘.
1010 707 1063 768 50.
1109 704 1191 765 Cum
1225 704 1261 765 L.
1292 692 1476 777 Octavius,
1499 703 1534 765 (Ἰ.

203 799 361 867 Aurelius
376 822 460 864 coss.
476 801 574 863 aedes
594 820 713 862 sacras
727 800 948 881 locavissent,
968 818 1075 880 neque
1097 796 1283 876 potuissent
1307 793 1422 854 omnia
1436 799 1533 852 sarta

205 901 297 965 tecta
323 895 479 975 erigere,
500 912 607 973 neque
630 893 657 952 ii
680 899 873 972 praetores,
893 887 1014 971 quibus
1043 896 1117 951 crat
1141 884 1317 964 negotium
1339 881 1476 961 datum,
1498 879 1532 941 0.

205 983 392 1064 Sacerdos,
423 981 474 1045 M.
500 983 656 1045 Caesius:
675 979 828 1058 *factum
858 989 906 1042 est
936 978 971 1041 S.
999 979 1052 1053 C.,
1083 975 1206 1058 quibus
1231 972 1270 1035 de
1297 975 1399 1034 sartis
1431 973 1530 1035 tectis

205 1076 384 1157 cognitum
409 1083 441 1137 et
472 1072 664 1134 iudicatum
686 1092 754 1132 non
774 1081 874 1146 esset,
896 1072 949 1132 uti
974 1069 1005 1130 C.
1031 1067 1161 1141 Verres,
1184 1064 1216 1124 P.
1238 1063 1373 1124 Caelius
1393 1069 1532 1142 praeto·

204 1185 256 1229 res
277 1173 521 1245 cognoscerent
541 1171 573 1224 et
598 1160 798 1225 iudicarent.
840 1160 903 1226 Ubi
927 1158 1033 1231 vides,
1059 1156 1100 1221 C.
1124 1155 1350 1228 Sacerdotem,
1374 1149 1427 1214 cui
1445 1153 1532 1214 Ver·

204 1276 259 1319 res
280 1254 312 1316 in
336 1265 483 1336 practura
506 1247 625 1315 urbana
647 1263 678 1313 et
704 1252 861 1317 Siciliensi
880 1259 1049 1327 srsccessit,
1074 1253 1136 1315 boe
1159 1269 1243 1311 anno
1269 1259 1450 1329 praetorem
1476 1266 1529 1307 ur-

205 1351 320 1411 banum
346 1346 462 1409 sitisse:
488 1345 561 1429 qui,
593 1366 663 1406 cum
690 1346 833 1429 sequenti
859 1347 995 1410 Siciliam
1027 1341 1218 1415 obtinuerit,
1253 1354 1284 1403 et
1310 1340 1430 1405 Cicero
1458 1349 1532 1401 ante

204 1445 343 1507 Verrem
365 1451 519 1524 quaestor
539 1438 578 1527 ἰιι1
598 1437 702 1500 Sicilia
727 1439 843 1515 luerit,
875 1453 1024 1522 praetore
1052 1440 1129 1501 Sex.
1153 1439 1342 1509 Peducaeo,
1373 1434 1532 1517 suspicio·

206 1557 277 1600 aero
300 1534 456 1609 Corradi,
487 1532 541 1618 qui
564 1531 753 1598 Ciceronem
777 1534 840 1596 hoc
862 1555 945 1596 anno
975 1543 1176 1617 quaestorem
1202 1532 1356 1591 urbanum
1385 1541 1418 1591 ct
1448 1529 1533 1593 inse·

206 1628 315 1715 quenti
343 1629 375 1691 in
408 1627 515 1690 Sicilia
547 1626 645 1690 luisse
674 1628 818 1708 pertavit,
855 1627 966 1689 salsam
996 1647 1065 1693 esse
1096 1646 1204 1689 omues
1234 1623 1352 1685 vident.
1397 1623 1464 1686 Hic
1486 1635 1534 1685 est

205 1725 305 1807 igitur
328 1721 497 1784 Siciliensis
520 1742 635 1796 anneis,
671 1723 808 1805 qui'M.
842 1721 980 1783 Tullium
1004 1731 1204 1804 quaestorem
1230 1717 1374 1799 excepit;
1409 1729 1444 1778 nt
1465 1716 1534 1798 ipse

205 1817 238 1879 in
259 1817 364 1880 Bruto
388 1836 458 1897 cap.
484 1815 538 1878 tt.
561 1813 683 1877 scribit.
736 1814 817 1879 Cum
846 1827 949 1877 autem
980 1813 1044 1877 bini
1073 1824 1259 1897 quaestores
1290 1811 1319 1874 in
1343 1811 1449 1874 Sicilia
1471 1810 1536 1873 sin·

207 1909 289 1995 gulis
311 1909 514 1992 praetoribus
536 1903 669 1985 esseut,
684 1907 911 1987 Lilybaetanus
928 1921 959 1972 ct
980 1911 1215 1987 Syracusanus,
1244 1906 1361 1990 Cicero
1381 1905 1534 1984 Lilybae-

207 2016 297 2066 tasms
319 2015 471 2088 quaestor
493 2003 570 2076 luit,
609 2015 642 2065 ut
671 2003 830 2067 Asconius
858 2003 888 2066 in
920 2003 1062 2066 Divinat.
1092 2003 1195 2085 princ.
1226 2000 1335 2063 scribit
1359 2011 1389 2062 ct
1414 1999 1535 2064 Cicero

210 2098 278 2179 ipse
300 2118 363 2180 pro
388 2097 519 2161 Plancio
542 2118 613 2179 cap.
638 2098 690 2159 lb.
715 2097 865 2162 ostendit.
914 2098 1002 2161 ldem
1025 2098 1185 2160 Asconius
1208 2094 1319 2158 scribit
1342 2094 1533 2158 Ciceronem
1593 2158 1599 2168 ‚

208 2202 410 2274 quaestorem
439 2190 470 2251 in
500 2188 603 2252 Sicilia
633 2189 732 2252 luisse
759 2202 908 2273 praetore
944 2193 1021 2252 Sex.
1051 2190 1239 2254 Peducaeo:
1283 2190 1351 2271 ipse
1386 2207 1466 2251 vero
1503 2186 1535 2248 in

208 2294 292 2348 orat.
318 2294 392 2363 post
417 2283 551 2363 reditum
583 2284 613 2344 in
643 2297 752 2347 senatu
780 2306 850 2365 cap.
876 2286 907 2345 8.
936 2283 978 2346 ait
1008 2305 1042 2345 sc
1067 2283 1149 2365 patri
1177 2286 1230 2346 Μ.
1256 2283 1359 2350 Curtii
1376 2295 1535 2367 ,quaesto-

209 2396 276 2438 rem
299 2375 410 2440 lesisse.
462 2377 638 2439 Accidebat
667 2368 907 2459 autemsaepe,
945 2390 977 2439 ut
1002 2400 1081 2440 trusis
1104 2391 1255 2463 quaestor
1279 2381 1413 2441 duorum
1437 2397 1533 2459 prae-

161 2516 166 2533 .
208 2480 315 2533 torum
339 2480 441 2544 esset,
475 2481 509 2531 ut
532 2470 692 2532 Grucbius
724 2471 797 2534 libr.
822 2472 869 2533 tl.
899 2473 937 2531 de
960 2469 1108 2536 Comitiis
1132 2476 1239 2536 docet.
1291 2473 1342 2537 De
1365 2483 1535 2556 quaestura

211 2564 379 2627 Ciceronis
402 2564 593 2630 Plutarchus
616 2563 657 2627 ita
687 2562 795 2626 scribit
823 2587 852 2626 c.
885 2565 916 2627 b.
974 2568 1143 2645 Quaestor
1171 2576 1306 2630 creatus
1334 2577 1367 2630 et
1394 2568 1533 2628 sortitus

207 2661 419 2740 prouinciam
440 2658 619 2734 Siciliam,
647 2679 727 2721 curu
755 2660 788 2719 in
819 2657 1023 2738 difficultate
1042 2677 1199 2719 annonae
1222 2665 1325 2740 atque
1347 2658 1466 2735 inopia
1487 2656 1538 2717 rei

201 2747 459 2827 frumentariae
492 2768 638 2830 magnus
659 2749 834 2827 frumenti
863 2768 1021 2811 numerus
1055 2748 1196 2810 llomam
1232 2757 1313 2810 esset
1339 2745 1536 2823 mittendus,

98 2870 104 2880 .
209 2838 348 2901 Siculos
370 2841 466 2902 initio
488 2838 648 2917 offendit:
668 2847 757 2917 post,
779 2837 838 2900 ubi
853 2837 1079 2918 diligentiam,
1100 2839 1264 2897 iustitium
1286 2846 1317 2899 ct
1339 2839 1536 2899 comitatem

209 2932 281 2995 eius
303 2933 436 3010 experti
446 2928 615 3009 fuerunt,
636 2931 783 2992 maiores
806 2928 862 2989 illi
879 2930 1021 2990 bonores
1043 2946 1149 3010 quam
1175 2928 1243 2988 ulli
1268 2947 1420 3008 unquam
1439 2947 1537 3008 prae·

211 3023 280 3084 tori
305 3020 505 3085 tribuerunt.
557 3019 608 3082 De
642 3023 749 3082 eadem
778 3018 846 3099 ipse
876 3019 906 3081 in
938 3019 1085 3080 oratione
1113 3039 1174 3099 pro
1205 3018 1338 3081 Plancio
1380 3040 1451 3099 cap.
1483 3021 1536 3081 ib.

211 3109 290 3173 Non
314 3133 445 3192 uereor,
476 3133 516 3175 ne
545 3117 621 3196 quis
653 3113 778 3176 audeat
809 3110 937 3192 dicere,
968 3112 1076 3173 ullius
1106 3115 1140 3172 in
1160 3112 1285 3174 Sr'cilia
1314 3122 1538 3195 quaesturam

211 3211 272 3264 aut
300 3207 489 3283 gratiorem
519 3216 581 3267 aut
610 3205 793 3266 clariorem
814 3202 949 3281 faisse:
975 3200 1150 3280 frumenti
1176 3205 1209 3262 iu
1237 3224 1369 3264 summa
1390 3205 1537 3267 caritate

211 3295 402 3354 maximum
421 3315 597 3358 numerum
626 3297 801 3367 miseram,·
833 3290 1102 3371 negotiatoribus
1132 3294 1257 3369 comis,
1289 3291 1537 3355 mercatoribus

211 3383 339 3449 iustuss
366 3384 593 3465 municipibus
615 3383 788 3457 liberalis,
816 3384 920 3444 sociis
941 3380 1125 3457 abstinens,
1156 3382 1309 3446 omnibus
1330 3404 1426 3446 cram
1448 3386 1537 3445 visus

213 3474 247 3534 in
268 3476 361 3536 omni
381 3476 498 3556 officio
521 3474 813 3555 diligentissimus;
848 3473 1042 3554 excogitati
1069 3472 1210 3554 quidum
1237 3483 1333 3537 erant
1363 3495 1385 3534 a
1406 3474 1537 3536 Siculis

210 3561 353 3627 bonores
382 3565 538 3627 inauditi.
585 3566 628 3627 Et
651 3564 681 3626 in
704 3566 804 3627 Vcrr.
829 3566 911 3628 vlt.
935 3585 1005 3643 cap.
1033 3563 1084 3624 tlt.
1127 3562 1186 3626 Sic
1219 3563 1353 3626 obtinui
1377 3573 1538 3646 quaestu·

212 3673 288 3715 ram
310 3656 344 3716 in
364 3658 544 3734 prouincia
564 3659 707 3733 Sicilia,
734 3669 771 3722 ut
791 3662 942 3721 omnium
963 3656 1087 3717 oculos
1109 3657 1142 3717 in
1164 3675 1216 3717 me
1237 3676 1342 3717 unum
1364 3657 1537 3718 coniectos

214 3742 401 3809 arbitrarer
409 3766 421 3822 ,·
444 3756 480 3808 ut
500 3769 552 3810 me
572 3760 858 3832 quaesturamque
877 3768 985 3811 meam
1006 3748 1108 3828 quasi
1123 3746 1156 3807 in
1174 3744 1295 3826 aliquo
1317 3743 1406 3806 orbis
1428 3753 1538 3807 terrae

212 3835 346 3898 tbeatro
369 3839 759 3916 versariexistimuren13
782 3849 817 3902 ut
840 3840 953 3902 omnia
974 3857 1125 3915 semper,
1147 3855 1235 3916 quae
1257 3833 1409 3897 iucunda
1430 3833 1539 3897 uiden-

212 3930 269 3984 tur
289 3945 375 4002 essc,
397 3948 465 3989 non
485 3927 587 3990 modo
609 3931 658 3990 leis
680 3930 961 3992 extraordinariis
983 3923 1249 4005 cupiditatibus,
1270 3924 1450 3987 sedetiam
1472 3925 1542 4003 ipsi

212 4021 357 4078 naturae
378 4036 422 4079 ac
442 4020 637 4080 necessitati
656 4018 866 4102 denegarem.
917 4019 1003 4080 Idem
1039 4016 1178 4079 Verrius
1207 4015 1255 4078 11.
1285 4038 1357 4098 cap.
1390 4016 1441 4077 12.
1474 4014 1538 4090 ait,

214 4100 339 4167 Siculos
352 4105 383 4168 in
395 4120 565 4191 quaestura
577 4130 653 4172 suae
674 4109 873 4175 innnocentiac
891 4111 1160 4193 abstinentiaeque
1174 4111 1347 4192 periculum
1367 4110 1482 4173 secisse
1497 4112 1539 4186 ¹).

213 4196 265 4259 Eo
288 4208 450 4281 tempore,
476 4215 508 4264 ut
531 4203 723 4268 Plutarchus
747 4205 876 4280 scribit,
908 4205 995 4267 multi
1019 4205 1153 4267 Rouumi
1178 4206 1413 4277 adolescentes,
1445 4203 1540 4266 claris

212 4291 396 4371 parentibus
418 4306 511 4380 atque
534 4299 671 4361 honesto
703 4299 776 4363 loco
800 4299 881 4373 nati,
917 4302 1000 4381 aprrd
1030 4299 1156 4361 Siciliae
1185 4313 1365 4380 praetorem
1396 4299 1539 4360 accersati

213 4393 285 4445 sunt
318 4383 575 4468 intemperantiae
616 4402 647 4453 ct
687 4393 849 4475 neglectae
886 4392 1072 4475 disciplinae
1106 4393 1265 4468 militaris3
1304 4413 1386 4477 quos
1420 4391 1539 4456 Cicero

129 4571 132 4579 .
213 4496 328 4560 magna
350 4486 620 4548 commendatione
643 4485 781 4549 defendit
803 4499 834 4548 ct
856 4487 1071 4551 conservavit.

252 4645 342 4719 1)Λά
363 4649 437 4703 bunc
456 4667 559 4706 annum
576 4653 748 4711 referendum
770 4653 813 4725 id,
834 4655 908 4728 quod
931 4657 1018 4712 Tusc.
1037 4664 1069 4726 5,
1096 4665 1143 4723 23.
1162 4677 1253 4715 narrar
1276 4659 1310 4715 de
1335 4665 1447 4716 invento
1468 4676 1484 4712 a
1509 4678 1539 4714 se

213 4721 389 4785 Archimedis
408 4742 587 4784 monumento
605 4730 640 4786 ad
662 4748 753 4806 portas
777 4731 960 4789 Achradinae.
1407 4749 1409 4752 ‘

681 4864 1087 4888 oon—w·-
