3218 5310
138 275 177 336 te
321 285 325 307 ¹
540 275 592 338 M.
617 272 778 338 TULLII
801 269 1055 337 CICERONIS

137 418 244 493 drrxit,
268 437 339 479 cum
361 414 497 490 diceret,
523 413 686 497 pecuniam
705 413 737 475 in
758 413 875 477 indicio
897 412 996 476 luisse
1010 424 1186 476 versatam:
1212 426 1244 477 et
1265 437 1337 479 enm
1355 414 1459 481 incer·

138 526 202 575 tum
227 523 324 587 esset,
350 533 390 573 ex
410 531 470 593 qua
492 521 581 591 parte
604 519 687 571 esset
710 508 875 589 prolecta,
900 508 1037 590 populus
1062 509 1157 571 Rom.
1182 530 1245 571 non
1268 507 1402 576 credidit
1422 512 1460 577 ab

139 606 319 690 Oppianico
339 607 460 678 datam,
482 603 554 686 quis
573 604 735 664 damnatus
750 613 838 677 erat,
862 613 893 664 et
912 621 1023 666 errore
1046 602 1214 664 multorum
1238 603 1269 666 in
1292 603 1378 670 lnlso
1399 608 1460 672 cri·

139 701 220 767 mine
244 698 410 765 Cluentius
436 696 520 772 suit,
555 708 589 758 ut
613 696 723 760 scribit
748 695 908 758 Asconius
933 695 964 757 in
989 696 1088 756 Verr.
1112 696 1158 760 ΙΙ.
1187 701 1337 778 cap.10.
1382 702 1458 766 Hoc

138 807 282 877 tempore
304 792 494 857 Ciceronem
518 792 609 855 etiam
633 812 695 873 pro
719 791 772 854 M.
791 790 957 854 Fundanio
985 798 1017 850 et
1049 790 1092 870 Q.
1114 789 1220 854 Gallio
1246 789 1368 857 dixisse
1398 795 1460 862 Ca.

137 891 227 952 rolns
251 887 402 970 Sigonius
422 885 454 948 in
477 884 662 968 fragmentis
688 884 854 950 Ciceronis
877 882 1059 947 annotavit:
1090 885 1147 946 scd
1168 884 1206 945 de
1229 887 1375 954 oratione
1397 911 1458 972 pro

139 982 245 1060 Gallio
262 979 423 1044 dissentio.
459 979 510 1042 M.
529 978 717 1042 Ciceronem
733 981 842 1055 etiam,
867 999 937 1040 cum
961 988 1108 1059 praetura
1129 977 1339 1060 iungeretur,
1363 986 1459 1050 schn-

137 1077 198 1140 lam
214 1076 267 1140 M.
282 1074 415 1139 Antonii
429 1072 607 1155 Gnipbonis
629 1073 848 1157 frequentasse
864 1070 1067 1154 Tranquillus
1091 1072 1128 1134 de
1150 1070 1327 1137 illustribus
1344 1077 1458 1141 Gram-

138 1170 257 1234 maticis
278 1190 352 1252 cap.
376 1171 408 1231 7.
434 1179 627 1230 auctorest.
672 1166 753 1231 Cum
776 1169 818 1232 P.
838 1166 1005 1239 Vatinius,
1037 1175 1190 1246 patronus
1220 1187 1314 1249 asper
1342 1183 1374 1234 et
1396 1192 1460 1247 rna·

139 1265 326 1350 gistratuum
354 1272 574 1342 contemptor,
607 1260 733 1323 strumis
763 1261 926 1342 oppletum
957 1259 1073 1322 collum
1096 1259 1228 1324 haberet
1252 1280 1289 1323 ac
1310 1282 1458 1330 corama

139 1357 298 1423 Cicerone
323 1367 475 1439 praetore
504 1346 619 1435 aliquid
647 1366 771 1437 peteret
797 1354 892 1438 idque
914 1354 966 1416 ille
993 1375 1058 1417 non
1086 1357 1297 1432 concederet,
1327 1361 1385 1420 scd
1406 1359 1459 1424 diu

139 1451 347 1525 deliberaret,
372 1449 469 1524 dixit,
493 1470 529 1510 ea
547 1450 584 1510 de
602 1470 707 1524 rese,
726 1450 752 1512 si
770 1460 899 1530 praetor
917 1459 1012 1520 esset,
1032 1445 1109 1508 nibil
1124 1447 1351 1514 dubitaturum.
1397 1451 1458 1517 Cui

141 1546 279 1612 Cicero:
303 1547 350 1608 Aa
367 1565 433 1626 ego
452 1554 569 1606 tantae
585 1543 729 1605 cervices
747 1562 815 1605 non
828 1542 947 1604 liabeo.
978 1542 1134 1604 Extremo
1152 1561 1256 1604 mense
1271 1544 1365 1606 huius
1380 1544 1461 1621 anni,

140 1661 209 1702 crim
234 1637 385 1702 Ciceroni
406 1637 467 1699 iam
492 1637 618 1699 biduum
642 1647 695 1698 aut
718 1636 853 1699 triduum
876 1646 1044 1717 praeturae
1066 1647 1264 1715 superesset,
1296 1640 1461 1704 Manilium

140 1732 266 1816 quidam
287 1732 363 1795 lurti
386 1733 470 1812 apud
491 1729 594 1812 ipsum
617 1729 803 1813 postulavit.
848 1729 1001 1792 Studebat
1023 1728 1159 1792 Manilio
1186 1731 1346 1813 popellus,
1378 1736 1464 1818 quod

139 1838 275 1911 propter
296 1824 501 1908 Pompeium,
532 1824 582 1886 cui
612 1824 729 1887 amicus
758 1835 844 1897 erat,
876 1825 1018 1888 accusari
1041 1825 1215 1888 rideretur.
1262 1823 1343 1890 Cum
1367 1826 1486 1913 igitur⁴

139 1921 290 1987 Manilius
321 1941 414 1981 rrnruu
445 1919 524 1981 diem
552 1919 695 2002 petiisset
723 1941 759 1982 ac
782 1912 900 1984 Ciiero
929 1929 1049 1981 tantum
1070 1918 1286 2001 insequentem
1309 1921 1463 1999 dedisset,

136 2015 280 2098 populus
304 2014 431 2096 indigne
454 2013 543 2089 tulit;
575 2017 662 2097 quod
685 2035 752 2079 mos
775 2024 859 2077 esset
882 2025 916 2076 ut
938 2015 1045 2076 decem
1069 2012 1225 2075 minimum
1249 2013 1317 2077 dies
1339 2026 1467 2097 praeto·

139 2131 192 2174 res
213 2108 276 2173 reis
299 2109 420 2169 darent.
466 2107 573 2186 Quare
603 2101 776 2188 pr‘oductus
808 2109 836 2170 in
868 2107 1055 2170 concionem
1085 2106 1258 2169 atribunis
1288 2108 1334 2190 pl.
1357 2108 1464 2194 ibique

140 2213 320 2276 aestuatus,
344 2221 413 2262 cum
437 2216 603 2281 rogasset,
627 2212 661 2262 ut
684 2202 845 2274 audirent,
874 2200 974 2263 dixit:
1010 2201 1070 2274 Sc,
1100 2199 1205 2284 quiin
1227 2222 1301 2265 reos
1324 2224 1463 2286 semper,

141 2306 290 2383 quantum
312 2296 400 2378 leges
423 2294 660 2376 permitterent,
695 2293 792 2358 comis
816 2305 847 2356 ct
869 2294 1019 2356 humanus
1040 2293 1169 2370 ferisset,
1200 2294 1365 2379 iudignum
1387 2295 1465 2361 indi·

141 2411 248 2463 casse,
272 2409 336 2451 non
359 2391 493 2449 eumlem
516 2408 550 2449 se
572 2387 712 2465 Manilio
734 2399 912 2469 praestare;
942 2387 1047 2470 itaque
1071 2387 1099 2450 ei
1122 2389 1221 2462 diem,
1252 2410 1345 2472 quem
1371 2412 1462 2454 tinum

140 2495 271 2567 praetor
293 2483 324 2544 in
347 2503 401 2545 sua
423 2491 583 2562 potestate
606 2482 753 2556 haberet,
787 2481 890 2543 dedita
914 2501 1014 2563 opera
1035 2481 1272 2562 praefinirissc,
1304 2504 1375 2547 cum
1399 2506 1462 2549 raon

141 2580 182 2644 sit
203 2577 288 2654 eius,
314 2574 369 2660 qui
390 2575 438 2638 rei
459 2596 584 2638 cainam
608 2576 759 2637 adiuvare
783 2575 875 2652 velit,
901 2579 938 2638 ad
962 2576 1055 2639 alium
1078 2576 1295 2660 magistratum
1315 2577 1463 2643 iudicium

135 2673 285 2737 relicere.
330 2672 400 2733 Hac
422 2669 568 2732 oratione
592 2668 682 2730 animi
705 2669 817 2751 populi
837 2670 880 2733 ita
903 2670 1086 2734 commutati
1108 2682 1197 2746 sunt,
1224 2681 1257 2733 ut
1273 2670 1463 2737 Ciceronem

142 2768 232 2831 laetis
254 2764 534 2829 acclamationibus
554 2763 716 2845 prosecuti
739 2776 911 2848 rogarent,
936 2776 970 2827 ut
990 2765 1115 2828 Manilii
1140 2766 1351 2847 patrocinium
1371 2768 1467 2833 susei-

140 2873 251 2946 peret;
275 2862 361 2944 quod
384 2859 437 2921 ille
459 2859 644 2940 praesertim
668 2858 711 2918 nb
726 2856 915 2938 Pompeium
939 2860 1098 2920 absentem
1123 2860 1236 2941 cupide
1257 2861 1382 2945 recepit
1403 2882 1466 2927 ms·

142 2976 266 3040 gnaque
296 2953 329 3016 vi
358 2950 510 3016 orationis
540 2951 570 3014 in
597 2950 758 3014 studiosos
786 2951 947 3033 potentiae
975 2973 1149 3033 paucorum
1184 2964 1215 3015 et
1238 2955 1387 3043 Pompeii
1415 2955 1463 3020 in·

142 3050 232 3112 vidos
262 3048 404 3132 invectus
431 3057 493 3109 est.
536 3048 702 3108 Hactenus
723 3044 916 3108 Plutarchus
948 3066 978 3107 c.
1002 3047 1033 3110 9.
1078 3046 1143 3111 Dio
1166 3056 1269 3109 autem
1298 3050 1337 3112 de
1358 3053 1465 3115 eadem

141 3165 177 3206 re
192 3141 222 3206 in
236 3144 318 3205 hanc
331 3141 516 3204 sententiam
532 3139 642 3221 scribit
656 3138 824 3207 XXXVI.
836 3139 889 3201 37.
913 3141 1000 3203 Cum
1010 3140 1163 3203 homines
1176 3142 1305 3204 nobiles
1317 3143 1467 3210 Manilio

141 3237 394 3300 acceasationcm
415 3247 688 3318 comparassent,
717 3235 813 3319 isque
840 3233 874 3295 in
903 3235 965 3295 boc
991 3232 1216 3308 incumberet,
1248 3247 1287 3298 ut
1307 3237 1382 3301 dies
1402 3238 1467 3303 sibi

139 3342 411 3415 prorogaretur,
447 3328 568 3394 Cicero
599 3339 744 3411 praetor
778 3340 811 3391 et
840 3327 1052 3412 quaestionis
1080 3328 1187 3390 iudex
1212 3342 1355 3411 praeter
1382 3332 1465 3409 atta,

142 3446 228 3511 qieae
249 3435 371 3486 contra
385 3423 572 3488 Manilium
582 3421 696 3513 fecit,
721 3422 782 3484 nix
802 3421 838 3484 in
857 3433 1036 3503 posterum
1057 3420 1148 3483 diem
1169 3421 1335 3487 iudicium
1356 3424 1465 3489 distas·

142 3521 200 3594 lit,
223 3519 306 3581 anni
327 3530 360 3581 et
381 3529 565 3600 praeturae
587 3517 722 3578 exitum
739 3528 961 3599 praetexens.
995 3514 1097 3597 Qaeod
1118 3537 1196 3578 cum
1218 3516 1403 3583 areieltitruio
1416 3518 1467 3583 irt-

142 3613 246 3696 digne
257 3609 401 3703 ferret,
433 3611 685 3674 inconcinnam
707 3612 814 3685 uenit,
847 3620 984 3672 coactus
1006 3630 1028 3670 a
1049 3609 1198 3672 tribunis
1224 3613 1272 3692 pl.
1295 3624 1469 3699 senatum·

142 3730 206 3792 que
228 3707 433 3778 insectatus,
464 3705 606 3768 Manilii
627 3725 769 3766 causam
791 3701 1019 3794 dej'ensrunm
1039 3723 1076 3765 se
1094 3704 1268 3784 promisit.
1315 3707 1381 3770 Sed
1404 3726 1469 3792 quo

143 3801 243 3863 minuis
272 3801 336 3864 hoc
365 3797 513 3860 iudicium
542 3797 651 3872 lieret,
686 3796 751 3860 Dio
782 3797 945 3861 tumultum
976 3797 1005 3859 in
1034 3819 1126 3859 causa
1154 3797 1253 3861 luisse
1281 3800 1342 3863 ait:
1374 3824 1468 3888 quem

142 3891 235 3955 brevi
262 3892 439 3974 expediam.
493 3889 630 3954 Comitia
660 3890 838 3953 consiliaria
870 3892 932 3953 hoc
962 3912 1045 3954 anno
1075 3892 1211 3955 habente
1240 3895 1285 3957 L.
1313 3896 1468 3960 Volcatio

119 3984 257 4061 ”1“ιιΙΙο,
281 3986 426 4049 consules
450 3983 602 4067 designati
624 3985 752 4046 fuerumt
776 3985 816 4049 P.
840 3985 1017 4047 Autronius
1041 3984 1159 4047 Paetus
1182 4000 1213 4048 et
1237 3989 1277 4051 P.
1295 3986 1468 4052 Cornelius

144 4076 243 4140 Sulla.
287 4078 480 4162 Designatos
507 4075 566 4138 iam
595 4080 638 4140 L.
663 4076 759 4142 Cotta
788 4089 820 4141 et
846 4079 888 4140 L.
913 4079 1098 4160 Torquatus
1126 4080 1196 4163 lege
1228 4079 1402 4163 Calpurnia
1431 4085 1471 4148 de

143 4171 279 4244 ambitu,
304 4174 343 4234 de
358 4192 419 4256 qua
436 4170 589 4246 diximus,
614 4180 800 4234 accusarunt
822 4181 853 4233 et
876 4173 1060 4233 damnarunt
1082 4182 1176 4256 atquc
1196 4175 1234 4235 ad
1253 4195 1287 4237 se
1303 4174 1471 4260 satagistra·

143 4275 208 4325 trun
231 4266 477 4340 transtulerunt;
503 4277 536 4328 ut
551 4264 668 4329 Cicero
686 4268 716 4328 iu
733 4277 817 4329 orat.
836 4265 865 4328 in
885 4277 964 4349 toga
978 4266 1126 4342 candida,
1151 4268 1312 4332 Asconius
1333 4270 1364 4332 in
1388 4292 1470 4347 ears,

145 4356 300 4418 Salustius
315 4356 390 4422 Cat.
414 4382 485 4442 cap.
504 4363 555 4423 ts.
573 4371 604 4423 ct
620 4360 685 4424 Dio
701 4371 865 4423 testantur.
900 4358 1017 4423 Cicero
1033 4382 1160 4446 quoque
1183 4362 1240 4424 lib.
1258 4364 1305 4425 ll.
1328 4383 1401 4446 cap.
1418 4364 1470 4428 19.

144 4454 182 4512 dc
204 4448 312 4515 Finib.
335 4451 395 4523 ait,
425 4454 467 4515 L.
493 4456 694 4539 'l'orquatum
724 4453 991 4516 adolescentulum
1020 4454 1173 4536 eripuisse
1197 4457 1237 4519 P.
1262 4456 1368 4518 Sullae
1391 4477 1472 4519 con·

144 4544 278 4606 sulatum
309 4555 341 4607 et
369 4549 408 4608 ad
429 4560 553 4629 patrem
576 4570 665 4611 snum
690 4545 860 4610 rettulisse.
905 4547 1026 4610 Eodem
1051 4561 1194 4631 teriipore
1218 4548 1375 4625 Catilina,
1400 4570 1471 4613 cum

146 4639 183 4699 de
206 4634 371 4718 provincia
392 4640 502 4702 Africa
524 4639 711 4703 decessisset
733 4639 890 4721 petiturus
913 4642 1130 4718 consulatum,
1154 4643 1358 4724 pecuniarum
1380 4662 1475 4725 repe·

146 4733 310 4794 turdarum
338 4750 410 4794 reus
435 4732 563 4811 factus,
596 4733 779 4818 prohibitus
805 4732 867 4797 suit
899 4745 1030 4818 petere,
1066 4745 1197 4798 auctore
1227 4736 1365 4799 Salustio
1395 4734 1478 4800 Cat.

149 4846 222 4907 cap.
241 4825 291 4890 18.
314 4834 346 4888 et
363 4825 507 4890 Asconio
530 4826 563 4890 in
580 4849 630 4891 or.
654 4828 685 4891 in
700 4839 777 4914 toga
794 4827 938 4893 candida.
975 4830 1059 4891 Tum
1081 4839 1191 4895 contra
1207 4850 1273 4894 rem
1288 4832 1380 4913 publ.
1396 4850 1475 4894 con·
