3218 5310
147 262 188 326 38
568 264 619 326 Μ.
643 261 804 326 TULLII
828 260 1082 329 CICERONIS

142 403 176 467 ui
213 404 343 487 isiadus,
372 402 503 486 pecunia
521 401 717 468 Caesenniae
736 415 875 484 emptus,
896 395 961 466 ‘snit
984 404 1140 468 addictus.
1185 404 1375 486 Caesennia,
1401 432 1470 477 eun

129 520 212 562 ,non
235 499 334 563 multo
356 511 431 580 post
459 499 504 562 A.
528 497 685 563 Caecinae
717 498 874 577 nupsisset
903 519 1037 583 eumque
1063 500 1213 562 heredem
1241 501 1388 579 fecisset,
1418 507 1472 569 de·

145 591 253 655 cessit.
300 594 382 655 'l'um
407 591 565 656 Aebutius
590 592 720 665 fundum
747 592 855 666 illum,
879 613 974 675 quiem
996 596 1142 659 mandato
1165 594 1360 670 Caesenniae
1387 620 1470 663 eme·

144 697 214 762 rat,
238 707 326 749 suum
358 707 427 750 esse
452 685 543 749 dixit.
588 686 699 768 Itaque
729 686 934 748 coustitutum
957 686 1035 763 suit,
1060 709 1124 771 qrro
1150 689 1201 752 die
1224 691 1254 753 in
1280 712 1348 755 rem
1375 714 1469 775 prse-

144 793 264 842 sentem
287 779 465 855 veniretur,
488 789 541 855 nt,
567 802 636 841 cum
661 778 797 842 Caecina
816 783 854 842 dc
872 780 1069 845 lrrndocsset
1089 782 1246 859 deiectus,
1269 785 1469 850 interdictum

143 896 159 935 a
182 885 332 956 praetore
354 875 543 957 postularet.
588 875 710 936 Verum
738 872 893 935 Aebutius
918 874 1017 938 fundo
1044 889 1223 959 occupato,
1248 878 1418 944 Caecinam
1437 880 1467 943 in

142 990 212 1030 eum
244 966 368 1052 ingredi
399 980 583 1044 conantem,
615 967 734 1030 coactis
765 964 958 1050 armatisque
989 968 1168 1033 hominibus
1197 992 1255 1053 per
1290 973 1353 1036 vim
1384 972 1469 1039 adita

143 1064 352 1148 ingressuque
380 1062 556 1145 prohibuit.
600 1062 761 1143 Repulsus
793 1060 931 1125 Caecina
961 1060 1162 1127 interdictum
1187 1068 1225 1129 de
1249 1065 1380 1130 armatis
1407 1068 1468 1133 Iso·

140 1158 273 1221 minibus
301 1179 317 1219 a
347 1158 517 1223 Dolabella
544 1167 692 1238 praetore
719 1155 919 1236 impetrarit,
958 1167 992 1218 ut
1016 1161 1095 1220 unde
1125 1154 1264 1225 deiectus
1289 1173 1394 1239 esset,
1428 1182 1466 1227 co

140 1252 373 1316 restitueretur.
425 1252 581 1315 Aebutius
610 1248 785 1312 restituisse
813 1270 846 1310 se
879 1246 990 1311 dixit:¹
1014 1250 1046 1314 in
1077 1273 1209 1338 earnque
1240 1276 1308 1318 rem
1334 1254 1467 1340 sponsio

137 1349 302 1411 iactarat.
347 1348 397 1410 Dc
418 1368 478 1430 quaa
500 1357 764 1427 recuperatores,
789 1367 804 1405 a
829 1354 978 1426 praetore
999 1345 1079 1422 dati,
1105 1359 1342 1432 cognoverunt.
1383 1350 1467 1414 'l'ota

140 1440 285 1525 qtraestio
308 1439 499 1503 delinitionis
526 1452 592 1515 est,
629 1439 680 1502 An
712 1437 880 1502 interdicto
911 1438 950 1498 de
980 1439 1010 1503 vi
1040 1451 1184 1505 teneatur
1214 1442 1308 1507 etiam
1335 1442 1381 1523 ia,
1413 1446 1468 1532 qui

138 1557 202 1598 non
226 1533 338 1597 deiecit
357 1536 396 1598 de
418 1534 536 1609 turum,
572 1534 628 1595 sed
650 1534 689 1593 ab
716 1534 781 1597 eius
810 1532 959 1614 ingressu
985 1535 1174 1615 prohibuit?
1204 1538 1242 1600 de
1269 1560 1329 1623 qua
1354 1562 1392 1604 re
1413 1540 1467 1608 ci·

138 1650 213 1692 cero
240 1627 272 1690 in
297 1629 438 1693 Oratore
462 1650 534 1710 cap.
562 1628 614 1691 29.
658 1629 747 1692 Toto
779 1627 865 1688 mihi
891 1651 1002 1694 causa
1028 1651 1091 1712 pro
1121 1631 1267 1696 Caecina
1295 1631 1334 1697 de
1362 1634 1465 1700 verbi,

139 1712 309 1785 interdicti
320 1722 419 1804 fuit:
438 1721 680 1791 resinvqutas
701 1717 888 1794 deliniendo
907 1721 1173 1804 explicavimus,
1195 1726 1248 1784 ius
1272 1722 1373 1789 civile
1394 1726 1467 1790 Iau-

139 1813 310 1888 davimus,
332 1812 430 1876 rerba
452 1811 619 1895 ambigua
640 1810 865 1879 distinximus.

236 2048 327 2115 Auno
351 2053 441 2116 urbis
463 2053 582 2119 DCLX
583 2053 694 2118 XXV.
717 2054 885 2117 Ciceronis
909 2053 1089 2118 XXXIX.
1111 2073 1197 2116 coss.
1209 2051 1362 2132 fuerunt
1435 2012 1439 2019 Ι

187 2191 232 2265 L.
284 2191 550 2270 CAECILIUS
600 2193 888 2287 METELLUS,
944 2194 988 2293 Q.
1033 2180 1256 2279 MARCIUS
1300 2192 1415 2273 REX.

219 2349 271 2413 De
283 2347 333 2410 his
344 2350 528 2412 consulibus
543 2349 660 2414 Cicero
673 2348 703 2409 in
719 2349 869 2413 Pisonem
884 2370 954 2430 cap.
970 2351 1022 2411 IL:
1040 2350 1131 2416 ,lude
1146 2369 1249 2424 nunc,
1264 2348 1409 2429 ofuria,
1426 2346 1464 2413 de

136 2451 197 2506 tuo
219 2443 425 2522 (considam)
451 2444 580 2518 dicere,
602 2445 700 2505 cuius
711 2440 790 2521 suit
806 2445 941 2505 initium
961 2442 1038 2504 ludi
1056 2441 1289 2523 compitalicii
1304 2449 1379 2502 tum
1399 2441 1466 2520 pri·

135 2557 227 2598 annm
242 2535 344 2615 sacti
365 2546 444 2618 post
467 2536 503 2598 L.
529 2535 710 2598 Metellum
730 2542 761 2596 et
789 2534 828 2611 O.
858 2532 1030 2595 Marcium
1049 2552 1133 2594 coss.
1156 2541 1277 2593 eontra
1310 2531 1466 2595 auetori-

136 2635 242 2691 tatem
268 2627 371 2688 huius
392 2626 530 2689 ordinis.
570 2627 619 2688 Ita
646 2624 728 2687 eninr
763 2637 849 2687 recte
875 2624 993 2688 Paulus
1024 2621 1192 2685 Manutius
1225 2619 1352 2683 nomina
1378 2641 1464 2685 meu·

137 2719 215 2780 dosa
243 2715 405 2780 restituit.
448 2717 536 2779 ldeur
574 2719 739 2781 Manutius
775 2720 836 2780 boc
863 2740 945 2780 anno
977 2717 1144 2800 epistolam
1179 2719 1209 2780 5.
1250 2715 1324 2779 libr.
1361 2715 1391 2780 Ι.
1425 2714 1463 2777 ad

138 2811 279 2875 Atticum
310 2810 459 2892 scriptam
490 2818 599 2893 putat:
624 2814 653 2875 in
684 2834 744 2896 qua
771 2816 810 2873 de
836 2815 879 2876 L.
913 2811 1081 2876 Ciceronis
1108 2822 1210 2872 morte
1236 2808 1345 2892 agit.¹
1390 2809 1463 2873 Hoc

96 2945 101 2951 ·
138 2905 287 2980 annoP.
316 2903 448 2968 Clodius
472 2907 599 2969 Luculli
630 2908 804 2971 exereitum
831 2909 861 2969 in
886 2906 1006 2970 Nisibis
1031 2904 1119 2967 urbis
1151 2901 1317 2967 obsidione
1345 2900 1463 2967 solliei-

139 2998 238 3072 tnrit,
268 3011 399 3062 arretore
422 2998 529 3064 Dione
559 3001 615 3063 lib.
643 3002 801 3075 XXXV,
828 3004 900 3075 ll.;
927 3002 1008 3062 stude
1035 2997 1152 3062 Cicero
1184 3000 1223 3060 de
1249 2995 1464 3079 Haruspicum

139 3115 226 3175 resp.
251 3114 321 3174 cap.
347 3095 399 3154 90.
424 3096 500 3155 Post
522 3097 673 3159 exercitu
699 3092 734 3154 L.
752 3095 895 3156 Luculla·
912 3094 1123 3169 sollicitato,
1136 3089 1240 3172 fugit
1264 3092 1375 3154 illine.

286 3332 378 3398 Auno
401 3335 498 3400 Urbis
518 3334 766 3398 DCLXXXVI.
788 3334 957 3397 Ciceronis
978 3333 1052 3395 XL.
1074 3351 1158 3394 coss.
1172 3328 1323 3411 fuerunt

191 3478 232 3550 C.
274 3474 596 3551 CALPURMUS
643 3473 782 3568 PISO,
826 3475 885 3547 Μ’.
925 3470 1129 3546 ACILIUS
1175 3470 1410 3545 GLABRIO.

137 3609 145 3629 .
220 3631 264 3695 Hi
293 3631 439 3694 consules
469 3630 670 3694 nominantur
690 3653 707 3692 a
730 3628 890 3693 Cicerone
918 3628 973 3691 lib.
1001 3629 1084 3692 XII.
1110 3649 1162 3708 ep.
1187 3627 1239 3690 92.
1266 3629 1305 3689 ad
1334 3634 1403 3691 Att.
1430 3637 1462 3692 et

139 3725 316 3808 Philippica
344 3726 478 3787 secunda
513 3746 586 3805 cap.
614 3727 664 3796 5.;
693 3725 805 3808 qtribus
837 3722 878 3788 C.
908 3722 1069 3795 Triarius,
1103 3722 1225 3803 legatus
1259 3718 1410 3796 Luculli,
1445 3741 1462 3783 a

140 3818 329 3882 Mithridate
353 3817 456 3879 vietus
486 3816 564 3890 suit,
590 3829 622 3876 ut
646 3817 728 3892 Dio,
754 3819 946 3881 Plutarcluis
976 3827 1007 3878 et
1033 3814 1201 3896 Appianus
1224 3814 1389 3876 scribunt:
1412 3812 1468 3900 qui

139 3915 256 3975 addunt
278 3910 430 3974 cecidisse
452 3922 517 3972 tum
543 3911 743 3973 centuriones
769 3909 861 3986 CL.,
888 3909 1034 3972 tribunos
1057 3909 1192 3971 XXIV.
1214 3920 1245 3970 et
1268 3918 1370 3970 castra
1393 3907 1465 3970 Ro-

142 4025 305 4067 manorum
334 4025 351 4067 a
384 4003 572 4067 Mithridate
596 4014 688 4083 capta
715 4004 825 4069 luisse.
882 4006 973 4066 Hace
999 4014 1046 4064 cst
1077 4001 1130 4062 illa
1158 3999 1333 4074 calamitas,
1371 4018 1466 4082 queam

142 4096 259 4160 Cicero
285 4097 316 4159 in
346 4096 518 4160 Maniliana
544 4116 615 4176 cap.
642 4097 674 4158 9.
700 4108 814 4160 tantam
836 4097 934 4160 luisse
957 4095 1018 4172 ait,
1054 4102 1092 4154 ut
1120 4116 1195 4158 enm
1226 4093 1275 4156 ad
1299 4112 1398 4156 aures
1426 4090 1463 4155 L.

111 4226 114 4235 ·
141 4190 284 4251 Luculli
304 4193 518 4271 imperatoris
539 4209 606 4250 non
625 4209 670 4252 cx
689 4190 823 4269 praelio
845 4191 1008 4263 nuncius,
1033 4185 1092 4250 sed
1108 4207 1153 4248 ex
1174 4204 1324 4248 sermone
1344 4200 1486 4261 rumor,

141 4282 289 4358 offlrret.
334 4282 408 4343 Hie
431 4283 561 4362 inipso
590 4279 653 4340 illo
681 4279 776 4339 anolo
808 4280 1078 4359 gravissimaque
1106 4272 1189 4337 delli
1219 4274 1405 4352 efflusioue
1426 4270 1465 4333 L.

138 4370 326 4444 Lucullus,
361 4373 423 4453 qai
446 4380 559 4432 tamen
585 4369 709 4451 alr'qua
737 4388 782 4430 cx
806 4376 905 4445 purte
937 4367 978 4426 iis
1000 4363 1222 4426 incommodis
1245 4361 1372 4439 mederi
1381 4359 1466 4440 for·

138 4470 225 4522 lasse
245 4461 429 4540 potuisset,
458 4469 563 4522 vestro
586 4462 678 4520 iussu
701 4464 863 4530 coactus,
887 4455 982 4537 ‹puod
1000 4455 1134 4536 imperii
1155 4453 1377 4516 diuturnitati
1393 4470 1466 4512 ruo-

139 4549 219 4609 dnm
248 4547 461 4610 statuendum
492 4552 595 4612 veteri
621 4548 778 4628 exemplo
808 4547 1007 4625 parturistis,
1040 4554 1173 4625 partem
1200 4544 1368 4619 rnilitum,
1405 4540 1470 4625 qai

73 4759 78 4766 .
174 4703 203 4762 1)
224 4693 282 4748 Cir.
304 4695 443 4749 ‘Iunstalli
466 4697 620 4768 Epistulam
643 4712 703 4768 pag.
721 4703 763 4755 12.
804 4693 916 4750 abhoc
937 4691 1048 4745 demum
1069 4709 1141 4744 anuo
1163 4694 1301 4763 Incipiunt
1320 4688 1466 4742 ciceronis

135 4771 276 4844 Epistolae
293 4771 373 4822 nobis
393 4786 514 4823 servaras
535 4786 561 4823 er
581 4771 691 4841 quidem
710 4791 723 4826 a
748 4772 808 4826 Lib.
824 4771 845 4822 1.
863 4767 897 4822 nd
918 4772 1052 4824 Atticum.
1090 4769 1131 4820 Ex
1148 4781 1207 4820 roro
1226 4765 1373 4820 consulatu
1390 4760 1466 4815 nulls

136 4862 259 4922 superest
281 4844 409 4918 eplstoln.
