3218 5310
135 233 196 296 ata
538 230 589 293 Μ.
603 227 775 295 ¹TULLII
797 225 1046 293 CICERONIS

135 390 201 450 est,
225 372 257 435 in
278 393 314 434 ea
330 370 502 436 Sestianam
526 369 658 452 primunt
680 368 833 453 integram
854 367 936 451 legi,
960 369 1046 450 quod
1067 364 1190 452 insigne
1211 365 1359 432 meritntn
1381 369 1452 449 olias

136 469 308 548 putabatur
336 463 556 548 Hervagianae
589 475 620 525 ct
650 462 869 526 victorianae.
924 460 1072 544 Quinque
1103 461 1256 525 hactenns
1287 460 1453 527 innotuere

138 558 351 639 exemplaria:
386 559 449 619 dito
477 556 623 618 (licuntur
651 556 807 619 asservari
837 555 866 618 in
896 554 1094 620 Bibliotheca
1128 553 1236 639 Regia
1263 554 1454 630 Parisiensi3

137 651 265 713 tertium
288 663 335 713 est
358 653 524 734 Augustae
547 648 780 724 Taurinorum,
811 661 957 732 quartum
980 647 1151 733 Lugduni,
1182 647 1329 732 quintum
1357 671 1456 734 nuper

137 766 239 808 metim
262 745 377 808 iactum
409 766 449 807 ex
478 742 623 807 auctione
646 742 720 805 libr.
751 744 840 825 dupi.
870 741 1082 806 bibliothecae
1114 743 1189 806 item
1218 742 1457 827 Lugdunensis.

138 836 234 917 Quod
257 838 410 900 antemio
434 848 550 899 tantam
572 833 764 898 oblivionem
787 835 918 910 cecidit,
952 836 985 898 id
1013 836 1064 899 vel
1096 857 1170 900 casu
1198 835 1329 920 ahqun,
1364 836 1458 903 vani

139 931 301 1006 incendio,
325 931 441 994 iactum
465 929 608 1003 videtur,
634 929 683 991 vel
705 929 778 1011 qnia
800 941 875 1012 post
895 929 1114 1014 Hervaginnr,
1138 929 1344 1007 Victorinus,
1377 932 1459 997 noh

138 1028 344 1107 Stephanum,
369 1024 587 1088 Camarariutn
613 1043 753 1104 propere
781 1043 851 1086 sese
878 1022 1071 1105 excipientes
1102 1043 1196 1087 nemo
1218 1021 1281 1086 iam
1302 1021 1388 1088 dlias
1407 1045 1458 1089 es·

138 1118 230 1200 pidus
253 1131 306 1181 aut
328 1119 472 1181 curiosus
494 1128 575 1180 erat.

222 1257 264 1267 -
283 1247 322 1259 -
345 1219 524 1282 orationes.
566 1214 744 1280 3Puries.
785 1192 943 1298 Parisiis,
964 1212 1044 1282 Sim.
1065 1211 1243 1282 Colinaeus
1265 1213 1386 1283 isse.
1426 1216 1457 1280 a

139 1404 165 1470 Δ
186 1351 264 1471 v-l-
285 1351 331 1469 ]
349 1312 517 1376 orationes
531 1328 603 1376 cum
618 1310 737 1375 Fraus.
751 1304 862 1396 Sylvii
883 1311 1133 1376 commentariis.
1173 1310 1333 1377 Basilese
1347 1305 1457 1377 inas

139 1405 150 1435 e
219 1424 261 1469 0·
332 1453 339 1468 ι
638 1420 642 1425 -

226 1493 331 1557 Catsl.
354 1491 441 1555 Bibl.
465 1492 571 1555 ttusei
594 1491 734 1556 Britann.
757 1491 838 1555 Vol.
862 1491 892 1553 l.
915 1490 946 1553 in
969 1489 1136 1555 Ciceronis
1157 1489 1303 1575 seriptis.

223 1627 266 1638 -
287 1618 327 1630 -
349 1609 392 1657 ex
414 1594 482 1674 opt.
504 1592 643 1675 exempl.
664 1592 842 1656 collatione
863 1591 1109 1656 accuratissime
1129 1589 1329 1680 castigatae.
1361 1592 1455 1683 mg-

141 1688 234 1771 duui,
255 1681 336 1752 Seh.
358 1684 487 1770 Gryph.
514 1677 625 1748 isse.
646 1681 682 1748 2.
704 1684 779 1749 Vol.
822 1685 856 1747 8.

224 1792 246 1853 ε
266 1773 295 1828 'i
316 1778 367 1844 Μ.
390 1778 428 1844 Τ.
451 1773 622 1845 Ciceronis
644 1775 835 1862 Orationes,
862 1796 935 1842 eum
956 1775 1126 1843 doctorum
1155 1778 1314 1861 onmem,
1342 1779 1398 1865 qui
1424 1779 1454 1843 ln

113 1868 115 1872 ’
142 1878 246 1942 eisin
267 1875 355 1939 hune
376 1891 479 1956 usque
502 1870 586 1936 diem
607 1871 880 1956 elaboraverunt,
899 1866 1164 1952 Commentariis,
1184 1872 1219 1936 in
1240 1890 1343 1938 unuin
1363 1873 1456 1939 vcin-

143 1990 216 2035 men
238 1969 379 2036 collatis.
424 1963 552 2046 Quibus
579 1982 754 2031 accessere
786 1983 854 2028 uon
883 1981 1004 2050 pauca,
1031 1981 1120 2029 nuno
1147 1965 1285 2048 primunr
1317 1968 1399 2031 nais
1426 1969 1457 2031 ei

143 2063 243 2128 ediis.
263 2061 416 2140 Parisiis,
438 2056 527 2144 apud
542 2060 699 2124 loannem
711 2055 866 2144 lioiguy,
887 2058 950 2122 suh
967 2057 1140 2123 Basilisco.
1160 2054 1203 2124 in
1214 2055 1304 2144 fisse:
1317 2057 1458 2142 Psrislb,

142 2137 330 2220 excutiebat
359 2153 503 2218 loannes
529 2151 709 2236 Lodoieus,
741 2151 899 2235 impensis
924 2151 972 2216 lo.
1000 2151 1138 2240 lloigoy
1170 2145 1288 2217 1536.
1319 2171 1361 2218 nr.
1388 2150 1457 2218 Aa·

143 2247 410 2398 gusipolh'plb·
434 2334 541 2426 Iudex¹
556 2334 744 2399 Orationem
767 2349 940 2417 eartrmqtte
962 2331 1189 2415 interpretum:
1213 2354 1277 2416 pro
1299 2335 1342 2398 P.
1363 2331 1456 2415 Qttin·

144 2427 207 2502 tio,
231 2427 271 2490 F.
295 2426 408 2505 Sylvio
430 2425 565 2509 interpr.
588 2448 650 2509 pro
681 2429 717 2490 S.
741 2425 863 2490 Roscio
888 2427 964 2490 Am.
993 2445 1062 2488 conr
1093 2425 1232 2490 eiusdem
1254 2448 1373 2493 coron.
1399 2447 1454 2509 pro

140 2520 184 2597 Q.
206 2517 328 2583 Roscio
351 2540 434 2582 corn.
458 2519 557 2582 cinsd.
581 2520 718 2602 interpr.
741 2518 858 2601 explic.
880 2539 940 2601 pro
959 2518 1010 2581 M.
1029 2518 1186 2594 Fonteio,
1218 2518 1320 2585 eiusd.
1341 2540 1452 2587 oeno.

142 2612 189 2674 itt.
212 2632 274 2692 pro
296 2611 341 2673 A.
366 2608 525 2689 Cecinna,
560 2632 628 2675 cunr
658 2612 710 2675 lo.
742 2612 855 2675 'l'isiini
883 2632 969 2676 novo
999 2632 1115 2676 comm.
1144 2634 1229 2676 nunc
1249 2612 1385 2695 primu·
1405 2615 1452 2679 sd.

144 2726 205 2785 pro
229 2705 273 2767 Α.
299 2700 450 2767 Cluentio
477 2704 598 2770 Habito
621 2727 691 2767 cnm
714 2706 754 2768 F.
778 2704 881 2785 Sylvii
910 2727 1026 2771 eornm.
1049 2728 1110 2789 pro
1140 2704 1182 2771 C.
1206 2705 1353 2787 Rabyrio
1379 2706 1454 2788 (eie)

140 2798 297 2879 perducil.
323 2816 390 2872 reo,
413 2797 512 2860 ciusd.
536 2820 650 2881 expos.
676 2799 793 2881 explic.
817 2798 847 2862 in
869 2800 908 2865 L.
933 2797 1098 2863 Catilinam
1125 2801 1252 2864 invect.
1283 2801 1368 2865 illl.
1389 2821 1452 2863 eun

143 2891 243 2953 ciusd.
275 2911 391 2954 cotum.
424 2912 486 2972 pro
511 2893 554 2954 L.
578 2894 733 2969 Murena,
762 2915 831 2956 citro
867 2893 968 2956 eiusd.
1002 2893 1138 2976 interpr.
1166 2915 1228 2976 pro
1255 2895 1302 2957 1..
1331 2895 1451 2969 since,

144 3006 214 3048 curn
240 2984 340 3047 ciusd.
365 3005 479 3046 cotum.
508 3006 569 3066 pro
599 2986 640 3047 L.
664 2987 769 3064 Sylla,
802 3007 872 3048 curn
901 2986 999 3074 einsd.
1025 3008 1141 3050 eornrn.
1169 3009 1232 3070 pro
1258 2989 1305 3051 A.
1335 2985 1452 3052 Licinio

145 3077 284 3152 Archia,
308 3078 348 3140 F.
373 3077 474 3157 Sylvii
496 3098 631 3153 cornua,
662 3078 812 3161 disputat.
835 3090 868 3142 et
888 3079 1074 3160 paraphrasi
1095 3080 1182 3144 Phil.
1205 3079 1453 3149 Melanehihoris

145 3182 177 3234 et
199 3170 335 3233 artificio
358 3171 474 3253 Baept.
497 3173 626 3234 Latotui
659 3172 747 3253 expi.
774 3194 836 3254 pro
860 3170 922 3235 Co.
949 3171 1071 3236 Planco
1096 3173 1195 3254 (sic),
1225 3174 1268 3238 F.
1292 3175 1403 3256 Sylvio
1426 3183 1455 3237 et

146 3265 259 3346 Barpt.
286 3266 428 3328 Latomo
453 3267 587 3347 interpr.
612 3288 673 3347 pro
697 3266 768 3350 lege
791 3265 944 3341 Manilia,
971 3267 1011 3330 F.
1035 3266 1136 3346 Sylvii
1158 3278 1189 3330 et
1211 3267 1284 3330 lae.
1305 3265 1455 3351 Onptati

147 3378 265 3420 oomni.
292 3357 339 3419 ill.
366 3379 427 3438 pro
451 3360 503 3421 Μ.
526 3357 641 3422 Coelio
667 3360 719 3421 lo.
744 3358 867 3422 'l'isliuo
887 3358 1022 3440 interpr.
1046 3379 1106 3440 pro
1127 3357 1230 3422 Corn.
1253 3361 1370 3436 Balbo,
1391 3378 1453 3425 een

147 3451 189 3511 F.
213 3449 313 3528 Sylvii
340 3471 453 3531 expos.
478 3472 539 3532 pro
562 3454 605 3513 T.
632 3451 740 3515 Annio
762 3452 903 3524 Milone,
932 3452 975 3530 Q.
1003 3450 1135 3515 Asconii
1153 3451 1318 3532 Paediani,
1333 3452 1454 3532 RSyi·

149 3542 191 3604 vii
217 3565 332 3605 comm.
359 3555 389 3605 et
417 3545 544 3607 Latomi
572 3544 707 3607 artifieio
739 3542 855 3625 explic.
889 3565 950 3625 pro
980 3545 1032 3607 M.
1063 3544 1241 3623 Marcello,
1273 3547 1317 3612 Ε.
1348 3543 1454 3627 sylvii.

149 3637 237 3700 Phil.
263 3636 519 3699 Melanchthonis
551 3649 582 3698 et
611 3638 725 3720 Barpt.
752 3637 881 3700 Latomi
909 3659 1025 3701 cortina.
1052 3637 1213 3719 exposita,
1240 3658 1305 3722 pro
1332 3638 1378 3721 Q.
1404 3637 1454 3701 Li·

149 3729 260 3812 garis,
288 3731 328 3793 F.
359 3729 470 3809 Sylvio
494 3730 627 3812 interpr.
652 3753 713 3811 pro
740 3732 830 3815 Rege
855 3730 1030 3807 Deiotaro,
1060 3733 1171 3794 eodem
1197 3742 1453 3797 commentatore.

150 3821 192 3888 C.
221 3822 328 3904 Crispi
350 3822 490 3886 Sallustii
515 3823 545 3885 in
571 3824 622 3886 M.
647 3826 689 3886 Τ.
714 3824 904 3888 Ciceronem
925 3823 1129 3900 invectivae,
1156 3836 1271 3889 contra
1294 3822 1455 3891 ciceronis

150 3916 182 3979 in
209 3916 389 3981 Sallustium
419 3916 600 3999 Responsio
632 3938 712 3999 cum
733 3916 833 3980 eiusd.
864 3938 980 3981 cortttn.
1024 3917 1206 3981 Adieeimus
1237 3920 1278 3981 ad
1295 3918 1396 3982 linem
1419 3915 1457 3998 Q.

42 4024 48 4041 “
148 4010 282 4074 Asconii
312 4009 461 4074 Paediani
489 4010 521 4072 in
551 4010 705 4073 Verrinas
735 4010 901 4076 Ciceronis
942 4022 974 4073 et
1009 4010 1086 4074 alias
1124 4010 1247 4097 aliquot
1280 4012 1457 4077 selectiores

153 4105 314 4167 orationes
340 4103 817 4182 commentariosdoctissimos,
841 4103 1078 4189 qttadriogentis
1099 4105 1170 4187 plus
1191 4105 1273 4169 iocis
1295 4105 1460 4191 castigans

157 4209 189 4260 et
216 4197 415 4261 restitutos.''
458 4198 522 4276 (Dc
555 4198 615 4259 hac
639 4198 772 4262 Asconii
800 4197 984 4262 recensione
1010 4200 1085 4262 eod.
1117 4219 1200 4261 anno
1228 4199 1362 4266 Parisiis
1387 4197 1463 4282 spui

153 4289 207 4444 ip.
237 4290 620 4461 Lodoicppp)'l'iietarrrtrtt
653 4292 745 4354 etiam
773 4293 876 4357 iornra
907 4294 1074 4376 qttadrupl.
1104 4293 1188 4357 edita
1216 4295 1280 4358 cir.
1307 4292 1461 4359 Baitero!

186 4403 277 4448 scon.
299 4406 334 4466 p.
413 4427 422 4445 .

238 4491 260 4552 ε
279 4520 320 4529 -
342 4479 535 4563 Orationes,
563 4484 596 4547 iu
619 4503 682 4569 qno
704 4485 821 4566 mulis,
850 4501 933 4569 quae
959 4485 993 4548 in
1013 4485 1149 4549 nlittrunr
1164 4484 1352 4552 'alidamur
1379 4484 1463 4551 libris

155 4579 312 4657 corrupto
335 4576 550 4664 legebantur,
579 4596 622 4642 ex
651 4575 801 4666 diligenti
829 4581 1035 4644 vetustorum
1061 4579 1263 4664 exemplaris
1290 4579 1462 4646 collstlane

153 4671 231 4730 siunt
259 4666 440 4733 emendata.
489 4671 657 4756 venetiis,
680 4668 769 4754 apud
795 4669 876 4735 Aldi
907 4671 992 4736 filios
1017 4668 1243 4740 teau—at.
1270 4669 1298 4739 3
1323 4672 1399 4740 vot
1431 4669 1461 4734 8.

155 4755 198 4826 P.
211 4755 301 4886 L‘m.
320 4755 457 4830 Octobr.
486 4761 654 4849 teani
676 4763 713 4832 4.
734 4759 901 4849 Praefis.
923 4763 1070 4849 3044.
1095 4765 1131 4836 t.
1151 4784 1233 4836 ntes
1252 4764 1413 4836 emente
1431 4765 1461 4829 ei
