3218 5310
190 202 250 267 toa
335 224 341 237 “
609 199 660 264 Μ.
682 198 844 265 TULLII
867 196 1121 264 CICERONIS

186 355 277 419 runt,
306 339 422 425 partim
448 342 614 405 rudentum
642 339 745 425 capita
771 338 885 404 rostris
912 343 1116 415 tutuderunt3
1138 342 1234 426 idque
1257 340 1385 425 signum
1409 345 1513 410 amai·

187 441 247 501 bus
273 434 442 500 iuiartsturn
469 447 517 499 est
542 435 657 499 visum.
700 433 819 500 Cicero
842 446 944 499 tamen
971 457 1119 519 egressus
1143 435 1175 498 in
1203 436 1308 499 villam
1333 458 1370 501 se
1391 440 1516 521 recepit

188 543 220 597 et
239 530 336 615 quieti
354 530 458 606 dedit,
481 529 524 592 ibi
547 549 720 593 carrorum
743 551 856 615 magna
878 552 953 613 pars
970 530 1056 595 tristi
1075 551 1156 596 voce
1179 534 1216 593 ad
1238 532 1411 597 fenestram
1430 556 1517 599 asse·

187 628 248 701 dit;
271 647 351 688 sinus
370 614 402 688 isi
425 625 539 688 lectum
557 622 720 686 devolavit
739 634 771 686 et
793 635 904 687 rastro
928 636 1067 700 vestem,
1091 645 1153 708 qua
1173 624 1290 689 Cicero
1306 637 1410 691 tectus
1431 638 1513 705 erat,

183 716 347 805 paullatim
370 719 410 779 ab
433 738 489 783 ore
511 715 610 799 ipsius
632 715 779 779 removit.
823 717 873 779 De
895 720 1005 782 eadem
1026 740 1061 781 re
1080 718 1233 782 Valerius
1246 719 1302 787 lib.
1317 721 1349 784 Ι.
1371 741 1445 804 cap.
1462 722 1513 787 ta

185 813 237 876 M.
266 813 422 876 Ciceroni
448 831 539 874 mors
570 810 742 872 imminens
779 814 938 892 auspicio
975 811 1155 892 praedicta
1189 822 1257 876 est:
1285 834 1387 877 -cum
1424 816 1513 879 enim

185 906 220 965 in
241 903 327 965 villa
348 903 511 965 Caietam
530 909 635 975 esset,
667 918 789 962 corvus
820 903 855 963 in
875 912 1059 983 conspeetu
1080 905 1151 966 eius
1180 904 1361 985 horologii
1368 903 1512 984 serrum

95 1064 98 1069 ,
185 994 267 1057 loco
295 1002 427 1055 motum
456 995 607 1055 excussit
642 997 673 1053 et
699 992 854 1071 protinus
881 992 930 1055 ad
954 993 1065 1072 ipsum
1095 992 1231 1057 tetendit
1267 1013 1312 1057 ac
1343 994 1510 1059 laciniam

185 1093 290 1165 togae
321 1103 361 1146 eo
394 1102 500 1163 usque
520 1100 636 1143 morsu
662 1082 790 1158 tenuit,
822 1081 926 1145 donec
958 1102 1068 1147 sersus
1102 1082 1150 1145 ad
1175 1082 1404 1148 accidendum
1432 1104 1508 1148 eum

184 1172 306 1235 milites
329 1174 450 1237 venisse
464 1173 646 1235 nuntiaret.
682 1170 845 1235 Hactenus
863 1173 1024 1238 Valerius:
1049 1194 1088 1235 es
1108 1193 1173 1255 quo
1195 1172 1368 1255 perspicue
1386 1194 1510 1259 cogno-

181 1262 282 1326 scitur
304 1264 387 1345 apssd
409 1262 617 1328 Plutarchum
651 1263 683 1339 ic
711 1264 884 1342 aaaitser¹
912 1270 1062 1329 mendose
1092 1287 1155 1330 nou
1184 1287 1245 1348 pro
1280 1264 1412 1349 Capua,
1453 1268 1508 1329 set

185 1356 294 1423 Caieta
319 1355 401 1441 legi3
435 1355 577 1441 quamvis
600 1354 767 1437 Appianas
791 1359 861 1435 IV,
897 1362 950 1423 ll).
991 1359 1132 1442 Capuam
1156 1359 1314 1432 nominet,
1352 1362 1508 1444 adquam

184 1450 279 1514 inserit
302 1452 379 1513 haec
402 1448 571 1513 Ciceronis
594 1448 687 1523 ville,
726 1450 755 1510 in
782 1473 842 1536 qua
870 1453 1108 1516 adventantibus
1130 1452 1373 1535 inquisitoribus
1395 1474 1414 1515 e
1436 1474 1508 1516 cor·

185 1544 235 1608 vis
257 1566 275 1607 e
296 1564 410 1609 somno
431 1541 586 1606 excitatus
608 1542 660 1605 sit.
705 1541 854 1627 Sequitur
871 1545 901 1608 in
917 1547 1114 1611 Plutarchus
1139 1544 1234 1609 Servi
1255 1548 1333 1610 haec
1354 1546 1508 1629 aspicieu-

184 1649 233 1702 tes
266 1659 354 1701 stratu
384 1634 446 1721 ipsi
474 1634 631 1721 ignaviam
661 1636 864 1713 damnarunt,
902 1639 928 1702 si
950 1640 1058 1704 herilis
1080 1639 1184 1703 caedis
1210 1650 1413 1722 spectatores
1439 1660 1506 1705 csse

183 1732 378 1796 sustinerent
408 1751 544 1813 cumque
577 1729 694 1793 bestias
731 1732 859 1796 damino
889 1755 982 1816 opem
1007 1735 1094 1797 ierrc
1124 1755 1162 1795 ac
1187 1754 1249 1815 pro
1281 1732 1414 1818 indigno
1442 1734 1505 1798 eius

184 1847 259 1889 casu
282 1821 435 1889 sollicitas
455 1816 716 1901 esse'viderent,
741 1824 801 1907 ipsi
828 1849 898 1890 eum
925 1850 986 1892 non
1013 1827 1239 1904 defenderent,
1262 1828 1379 1910 partiar
1405 1829 1505 1911 preci-

182 1921 262 1995 bus,
297 1917 411 2001 partim
439 1917 473 1981 vi
503 1919 684 2001 impositum
714 1918 846 1983 lecticae
872 1924 911 1985 ad
940 1942 1026 1985 usare
1049 1922 1239 2013 detulerunt.
1283 1921 1415 1984 interim
1433 1943 1505 2004 per.

184 2033 332 2077 cussares
351 2034 420 2075 cassu
447 2012 594 2077 ministris
617 2020 865 2099 superveniunt,
900 2016 1081 2081 Herennius
1109 2016 1254 2079 centurio
1284 2027 1315 2078 et
1346 2016 1505 2099 Popillius

184 2106 329 2171 tribunus
349 2106 501 2181 militum,
525 2129 617 2190 quem
642 2114 802 2192 parricidii
820 2135 907 2177 reum
934 2110 1052 2175 Cicero
1080 2109 1153 2174 olim
1182 2110 1379 2172 defenderat.

267 2199 319 2266 De
347 2199 492 2282 Popillio
527 2202 591 2263 boc
621 2205 716 2267 turrita
747 2210 867 2273 Seneca
897 2202 1243 2269 iu=Declamatiouibus
1273 2216 1305 2267 ct
1331 2204 1504 2268 Suasoriis.

167 2292 234 2360 'Dc
248 2295 359 2358 eodem
378 2293 530 2357 Valerius
546 2294 602 2359 lib.
620 2296 666 2362 V.
679 2321 749 2381 cap.
771 2303 823 2365 3.:
850 2303 901 2366 dl.
924 2300 1039 2363 Cicero
1061 2299 1093 2362 0.
1114 2297 1302 2376 Popillium
1323 2297 1507 2363 Laenatem

181 2390 329 2452 Picenae
349 2390 499 2469 regionis
520 2399 649 2470 rogatu
669 2390 721 2456 M.
743 2396 852 2460 Caelii
870 2412 937 2454 non
958 2390 1085 2450 minore
1106 2407 1194 2449 cura
1215 2407 1321 2470 quam
1348 2388 1506 2471 eloquen-

181 2479 233 2540 tia
264 2475 435 2557 defendit,
456 2498 598 2560 eumque
627 2500 737 2546 causa
758 2484 942 2547 admodum
963 2476 1066 2540 dubia
1079 2476 1339 2553 fluctuantem,
1373 2477 1506 2539 salvem

182 2566 230 2631 ad
247 2576 386 2648 penates
407 2587 488 2628 suos
508 2569 646 2632 remisit·
702 2574 776 2637 Hic
806 2574 973 2655 Popillius
998 2578 1119 2650 pastea
1139 2586 1201 2630 nec
1223 2587 1259 2630 re
1279 2586 1342 2631 nec
1365 2564 1463 2631 verbo
1482 2586 1504 2629 a

183 2658 340 2722 Cicerone
372 2658 483 2719 laesus
512 2658 1055 2746 ultrodl.1lntaniumrogavit,
1087 2668 1125 2720 ut
1157 2657 1328 2720 odiliam
1358 2658 1504 2738 proscri-

177 2758 277 2827 ptum
290 2746 556 2830 persequendum
570 2760 602 2812 ct
617 2754 846 2834 iugulandum
865 2756 1069 2817 mitteretur:
1091 2750 1347 2831 impetratisque
1363 2746 1503 2811 detesta-

175 2836 259 2898 bilis
288 2838 467 2899 ministerii
491 2836 665 2917 partibus,
694 2844 827 2925 gaudio
856 2844 1031 2907 exsultans
1060 2839 1211 2903 Caietam
1233 2840 1389 2903 cucurrit
1408 2850 1441 2903 et
1462 2842 1503 2901 vi-

181 2947 276 3005 rum,
308 2928 427 2989 omitto
450 2925 547 3010 quod
564 2932 794 3010 amplissimae
815 2934 1012 3016 dignitatis,
1045 2940 1133 2994 certe
1153 2928 1288 2992 salubri
1305 2930 1420 2997 studio
1442 2929 1503 3010 (its

180 3017 251 3102 lege
274 3039 291 3081 e
314 3017 549 3100 mautrscriptis)
579 3027 782 3100 praestantis
804 3025 916 3104 officii
939 3024 1098 3103 privatim
1125 3019 1191 3081 sibi
1210 3019 1436 3084 uenerandum
1455 3026 1503 3087 iu·

179 3110 303 3191 gulam
322 3110 483 3191 praebere
505 3112 621 3186 iassit3
663 3131 707 3173 ac
735 3116 889 3192 protinus
918 3123 1025 3192 caput
1046 3113 1217 3174 Romanae
1237 3110 1456 3192 eloquentiae
1473 3122 1503 3177 et

180 3204 279 3284 pacis
301 3202 529 3264 clarissimam
550 3200 726 3266 dexteram
754 3223 816 3284 per
834 3224 1002 3265 summum
1024 3213 1054 3266 et
1075 3222 1233 3266 securum
1255 3204 1366 3263 otium
1386 3222 1502 3285 ampu-

180 3294 265 3356 tavit
302 3311 411 3375 eaque
442 3294 599 3374 sarcina,
634 3302 813 3376 tamquam
842 3294 965 3374 opimis
997 3295 1138 3374 spoliis,
1169 3291 1289 3353 alacer
1319 3292 1355 3352 in
1383 3289 1502 3357 Urbem

179 3402 329 3448 reversus
351 3391 398 3445 est
417 3401 525 3463 neque
555 3384 590 3446 ei
606 3384 785 3446 scelestum
803 3384 959 3463 portanti
978 3402 1062 3445 onus
1083 3384 1255 3443 succurrit
1277 3380 1371 3443 illud
1388 3401 1425 3446 se
1448 3402 1503 3447 ca·

178 3481 243 3554 pat
255 3470 374 3552 ferre,
397 3471 493 3553 quod
508 3492 572 3551 pro
594 3476 708 3554 capite
729 3477 800 3537 eius
823 3472 996 3550 quondum
1014 3480 1247 3552 peroraverat.

264 3559 416 3645 Sequitur
434 3566 517 3642 apud
533 3562 755 3627 Plutarchum:
782 3565 996 3627 Percussores
1019 3560 1200 3625 osculares
1222 3562 1343 3625 clausas
1366 3562 1502 3629 invenis·

178 3668 262 3733 sent,
292 3676 344 3720 eas
373 3654 586 3738 effregerunt3
616 3678 749 3740 estusque
772 3654 892 3721 Cicero
920 3676 984 3717 uon
1014 3667 1183 3735 appareret
1212 3666 1243 3718 et
1271 3653 1309 3731 ii,
1342 3655 1398 3739 qui
1422 3658 1501 3722 intus

121 3818 139 3827 ,
178 3762 286 3827 erant,
316 3748 397 3813 seire
420 3768 471 3823 sc,
501 3746 555 3809 ubi
577 3761 677 3827 esset,
708 3759 894 3835 negassent,
924 3749 1009 3812 ailant
1031 3750 1259 3812 adolescentem
1282 3754 1459 3833 quendam,
1484 3772 1501 3813 a

178 3846 337 3913 Cicerone
359 3842 390 3905 in
412 3840 505 3905 banis
524 3841 634 3905 litteris
650 3855 681 3906 et
696 3842 866 3925 disciplinis
882 3845 1064 3919 educatum,
1090 3843 1200 3923 Quinti
1215 3844 1322 3906 l'ratru
1337 3844 1499 3917 libertum,

177 3940 386 4022 Philologum
415 3935 562 4010 nominc,
590 3937 719 4001 tribuna
745 3938 860 4021 d'prisse
888 3936 1029 3999 lecticam
1059 3959 1117 4019 per
1139 3937 1303 4001 silvestres
1328 3948 1361 4001 et
1384 3960 1500 4021 opacae

179 4030 407 4097 subrelationes
437 4032 477 4093 sd
504 4051 590 4093 mare
618 4031 747 4095 deferri.
794 4028 957 4094 'l'ribunus
982 4028 1081 4113 igitur
1108 4052 1178 4093 cum
1202 4032 1310 4113 paucis
1332 4034 1501 4098 comitibus

178 4126 296 4189 ciserno
319 4123 547 4188 ambulationes
575 4125 614 4186 ad
643 4125 762 4188 exitum
784 4122 939 4187 crscsurit.
984 4123 1164 4187 Herennius
1186 4137 1272 4188 recta
1295 4148 1356 4209 per
1377 4132 1500 4192 easdem

178 4220 334 4294 accurrit3
362 4220 449 4303 quod
476 4215 530 4281 ubi
554 4216 673 4282 Cicero
701 4217 938 4294 animadvertit,
969 4238 1083 4281 serras
1106 4218 1248 4282 lecticam
1270 4219 1313 4282 ibi
1337 4223 1500 4304 deponere

178 4310 280 4376 iussit.
323 4312 433 4387 Satis,
456 4310 560 4396 iuquit
580 4311 711 4388 Livius,
735 4324 870 4377 constat
897 4310 1179 4402 seruosfortiter
1192 4314 1419 4400 fideliterque
1437 4334 1502 4399 pa·

178 4417 274 4469 ratos
291 4402 417 4494 fuisse
444 4406 492 4467 ad
525 4406 776 4469 dimicandum:
813 4406 928 4489 ipsum
956 4406 1081 4492 deponi
1116 4409 1270 4471 lecticam
1301 4420 1336 4471 et
1367 4408 1501 4495 quietos

174 4488 278 4581 pati,
311 4499 404 4583 quod
424 4522 502 4565 sors
523 4498 643 4586 iniqua
660 4512 814 4586 cogeret,
848 4500 1002 4565 ducisse.
1046 4500 1215 4584 Appianus
1243 4500 1355 4565 scribit
1385 4501 1500 4567 misltos

178 4589 367 4654 discurrisse
397 4605 603 4676 quaerentes,
638 4616 711 4657 num
740 4593 854 4659 alicubi
882 4591 999 4659 Cicero
1029 4593 1115 4658 visus
1146 4606 1246 4659 esset:
1282 4618 1420 4681 casuque
1448 4594 1500 4659 alii

216 4745 246 4821 ι)
266 4740 365 4799 Editur
383 4762 458 4799 nune
477 4752 517 4811 rt.-
537 4746 685 4822 Καιήτην.
