3218 5310
83 212 98 348 ¹.
135 268 176 334 as
552 263 605 326 Μ.
629 260 792 326 runnu
816 255 1069 324 ctcanonls

133 411 239 484 sisse,
255 425 325 491 qno
356 414 496 467 mortem
517 423 617 482 saepe
639 399 788 464 hostibus
814 398 1056 462 attulissetis
1086 395 1197 458 eodem
1226 413 1288 474 pro
1314 393 1459 466 Scauro,

134 510 166 562 et
194 496 238 560 ibi
267 494 428 560 Asconius
466 495 527 558 Ed.
558 493 643 556 Bait.
680 515 713 573 p.
743 491 796 553 93.
848 491 924 553 Hoc
958 511 1041 553 anno
1074 489 1127 553 M.
1166 486 1291 550 'stallius
1331 485 1464 551 Moloni

136 590 266 658 Rhodio
292 590 415 655 Romae
438 589 522 651 dedit
544 607 693 669 operam,
722 597 753 648 et
775 583 876 647 actori
899 603 1021 646 summo
1043 595 1208 644 cansarum
1232 591 1263 641 et
1286 581 1462 664 magistro,

135 696 170 748 nt
192 681 234 746 ait
257 683 287 746 in
311 684 416 746 Bruto
439 703 511 764 cap.
536 680 608 753 89.;
639 679 676 739 de
703 697 768 761 quio
792 676 929 740 blolone
952 676 1145 740 Plutarchus
1172 673 1203 736 in
1228 672 1300 738 Cie.
1324 695 1397 756 cap.
1429 675 1462 737 l.

136 789 166 841 et
180 776 338 851 Caesare,
360 779 477 840 Strabo
495 775 551 837 lib.
570 774 670 835 XlV.
684 793 717 852 p.
732 771 806 834 655.
837 770 1045 850 Quintilianus
1061 770 1117 831 lib.
1132 769 1196 832 lll.
1209 788 1281 849 cap.
1296 772 1327 830 1.
1339 781 1370 830 et
1383 769 1465 831 Sue·

135 871 242 934 tonius
264 872 295 933 in
319 871 400 935 lulio
425 868 565 933 Caesare
592 887 664 947 cap.
696 867 728 926 l.
781 863 947 927 Molonem
977 863 1137 924 rhetorem
1167 862 1269 925 studia
1292 861 1345 924 M.
1370 858 1466 925 Cice·

136 965 225 1029 runis
259 965 399 1038 acuisse,
434 964 475 1024 ait
508 961 600 1023 etiam
631 960 781 1023 Valerius
812 959 907 1022 Mam
940 957 995 1020 lib.
1018 956 1065 1020 11.
1097 976 1169 1038 cap.
1201 960 1231 1018 1.
1283 953 1379 1020 Circa
1402 955 1466 1017 boc

135 1069 260 1141 tempus
289 1055 407 1121 Cicero
435 1056 619 1118 adolescens
648 1054 895 1116 commentarios
923 1049 1104 1115 rhetoricos
1132 1052 1170 1112 de
1198 1047 1387 1113 Inventione
1415 1050 1465 1112 in·

138 1154 273 1215 choatos
296 1164 327 1213 et
349 1155 444 1214 rudes
468 1149 582 1212 edidit:
608 1147 696 1232 qrsod
716 1147 785 1228 ipse
808 1145 898 1209 initio
921 1145 977 1207 lib.
1002 1146 1031 1209 1.
1055 1146 1093 1208 de
1117 1143 1278 1218 Oratore,
1309 1155 1341 1205 et
1363 1142 1465 1224 erin-

12 1265 49 1315 ,⁰
129 1246 264 1329 'silianus
286 1245 343 1308 lib.
368 1245 434 1309 ΙΙΙ.
458 1265 530 1325 cap.
556 1245 587 1305 1.
610 1240 802 1325 significant.

222 1340 304 1403 Post
325 1339 409 1400 hmm
432 1359 544 1400 anniam
568 1334 735 1398 triennium
764 1332 833 1396 iere
856 1337 966 1398 urbem
991 1334 1056 1397 sine
1080 1333 1173 1398 armis
1195 1335 1310 1410 luisse,
1345 1333 1465 1400 Cicero
1514 1338 1517 1343 ’

139 1434 169 1497 in
193 1433 298 1497 Bento
318 1435 393 1514 hap.
418 1433 472 1496 90.
497 1431 559 1494 ait:
587 1451 670 1514 quio,
702 1427 787 1489 Sulla
812 1428 926 1491 bellmn
950 1429 1199 1493 Mithridaticum
1224 1440 1371 1513 gerente,
1406 1430 1465 1507 (de

138 1548 202 1611 qino
236 1527 428 1590 Plutarchus
456 1537 487 1588 et
515 1524 720 1607 Appianus,)
755 1519 914 1585 Cinnanae
944 1524 1174 1608 Mucianusque
1203 1536 1308 1606 partes
1341 1523 1465 1588 ltaliam

138 1622 351 1697 obsederunt,
376 1632 408 1682 ιιι
431 1619 540 1683 scribit
562 1617 706 1681 Velleius
729 1618 787 1681 lib.
811 1615 859 1682 ll.
884 1640 956 1701 cap.
981 1619 1033 1682 94.
1058 1640 1090 1682 ιι.
1115 1620 1147 1682 d.

203 1973 297 2041 Anno
319 1977 427 2058 igitur
446 1973 490 2037 ob
512 1972 551 2040 U.
573 1973 606 2038 0.
626 1971 814 2039 Denxt'n.
837 1975 1006 2039 Ciceronis
1027 1974 1129 2040 XXI.
1160 1974 1408 2055 coruscarent

278 2143 323 2216 L.
346 2139 635 2220 CORNELIUS
664 2141 820 2219 CINNA
847 2145 923 2242 IL,
952 2145 993 2218 C.
1021 2141 1212 2220 MARIUS
1239 2142 1324 2218 Vll.

165 2354 168 2359 ¹
226 2327 370 2402 Marius,
400 2349 491 2412 qsrem
516 2326 636 2391 Cicero
659 2349 721 2409 pro
746 2328 879 2393 Plancio
902 2350 974 2411 cap.
998 2331 1052 2392 91.
1083 2330 1206 2391 drrabns
1228 2325 1393 2390 aedilitatis
1417 2348 1469 2389 ac·

141 2423 244 2504 ceptis
267 2422 422 2504 repulsis,
450 2423 567 2504 septies
590 2423 751 2487 considens
774 2444 848 2485 esse
866 2423 986 2498 iactrnn
1010 2423 1071 2497 ait,
1101 2422 1192 2486 editis
1215 2420 1317 2484 miultis
1339 2420 1470 2484 sceleri·

141 2518 220 2597 bus,
241 2516 353 2579 Idibus
376 2514 531 2578 ianuariis
554 2515 708 2589 decessit,
733 2515 848 2580 Livius
869 2517 925 2581 lih.
948 2517 1097 2579 LXXX.
1134 2514 1184 2577 De
1208 2514 1273 2578 eius
1296 2514 1470 2576 montesio

144 2610 219 2677 Cic.
243 2609 299 2672 lib.
323 2609 389 2674 lll.
413 2630 485 2692 cap.
508 2608 562 2672 33.
586 2611 624 2679 sle
647 2610 771 2671 Natura
794 2610 957 2673 Deorum:
988 2611 1054 2674 Cur
1073 2607 1209 2672 Murius
1229 2618 1300 2671 tom
1312 2606 1472 2688 feliciter

139 2705 324 2784 septimum
346 2702 469 2765 consui
490 2702 585 2763 domi
601 2722 685 2764 sone
709 2723 811 2766 senex
834 2714 882 2767 cst
901 2700 1081 2766 mortuus?
1117 2699 1228 2763 Mario
1248 2699 1396 2762 snll'ectus
1422 2708 1471 2758 est

144 2795 189 2857 L.
217 2794 367 2857 Valerius
397 2793 552 2868 Flaccus,
592 2804 683 2874 pater
713 2793 798 2858 illins
829 2794 956 2870 Flacci,
994 2813 1152 2876 pro-qno
1176 2792 1344 2856 Ciceronis
1367 2789 1473 2855 oratio

145 2898 261 2952 exstat.
306 2885 407 2961 Huic,
432 2907 503 2949 cnm
526 2885 661 2951 aCinna
686 2884 815 2963 missus,
841 2902 874 2951 nt
897 2889 1002 2952 Sullae
1025 2890 1065 2950 ad
1085 2887 1202 2951 bellum
1219 2887 1473 2951 Mithridaticum

143 2983 348 3054 succederet,
378 2980 408 3042 in
431 2980 539 3043 Asiam
562 2978 757 3056 traiecisset,
788 2985 910 3047 consuli
933 2992 1046 3065 portas
1067 2992 1135 3044 tota
1158 2983 1237 3046 Asia
1261 2981 1392 3046 clausit:
1418 2980 1475 3044 Ci-

144 3096 222 3137 cero
245 3097 305 3156 pro
328 3075 448 3138 Flacco
471 3095 542 3157 cap.
566 3074 620 3137 95.
674 3076 773 3138 Αιιιιο
802 3089 954 3160 sentiente
982 3075 1064 3139 idem
1094 3098 1112 3139 a
1136 3075 1177 3141 C.
1202 3076 1343 3141 fimbria
1365 3076 1473 3159 legato

145 3189 205 3249 spo
227 3167 403 3231 consularis
425 3167 612 3231 interfectus
636 3181 701 3246 est,
734 3169 878 3233 Velleius
907 3171 963 3235 lib.
991 3171 1038 3235 ll.
1072 3190 1145 3254 cap.
1169 3171 1222 3234 il.
1277 3170 1391 3233 Livius
1414 3168 1471 3230 lib.
1497 3163 1503 3171 ’

144 3262 332 3326 LXXXll.
378 3263 495 3325 Strabo
517 3261 574 3326 lib.
599 3262 700 3326 Xlll.
746 3264 821 3325 Hoc
844 3287 926 3330 anno
949 3286 1100 3329 censores
1124 3265 1154 3328 in
1176 3265 1291 3329 tabulis
1314 3261 1474 3346 Capitoli·

141 3355 189 3417 nis
226 3354 429 3417 inveniuntur
463 3355 505 3417 L.
529 3356 674 3418 Marcius
704 3354 891 3439 Philippus,
929 3360 982 3422 M.
1007 3360 1188 3440 Perperna,
1222 3380 1358 3443 qarornm
1386 3354 1474 3417 Ver·

141 3448 209 3511 rina
235 3448 302 3511 Ill.
328 3469 400 3529 cap.
425 3448 478 3511 55.
501 3448 534 3509 in
556 3448 629 3533 lege
652 3451 766 3512 Verris
789 3454 907 3516 assentio
929 3453 965 3515 lit
988 3453 1049 3517 ita:
1085 3458 1155 3536 Qui
1179 3453 1220 3518 de
1248 3454 1283 3515 L.
1311 3450 1473 3529 Murrio,

121 3616 124 3623 ¹
141 3540 193 3606 M.
216 3544 384 3620 Perperna
405 3540 598 3605 censoribus
618 3542 812 3624 redemerit,
832 3567 910 3609 enm
930 3549 1063 3610 socium
1083 3567 1124 3610 ne
1147 3547 1181 3609 ei
1200 3542 1381 3606 admittito.
1423 3539 1473 3602 De

56 3702 62 3709 ,
144 3633 277 3697 Marcio
310 3632 382 3695 item
412 3631 531 3697 Cicero
559 3653 622 3715 pro
658 3636 761 3705 domo,
788 3657 859 3717 cap.
893 3638 945 3701 39.
976 3637 1037 3701 ait:
1075 3641 1111 3702 L.
1143 3636 1322 3715 Phiiippus
1357 3653 1474 3697 censor

100 3760 105 3770 .
148 3725 358 3789 avunculum
379 3745 479 3787 snum
498 3727 674 3806 proeteriit
696 3728 729 3789 in
750 3729 926 3793 recitando
949 3740 1088 3806 senatu,
1115 3726 1200 3790 nihil
1228 3725 1318 3787 enim
1336 3730 1474 3803 poterut

144 3818 274 3890 dicere,
296 3837 404 3899 quare
425 3826 504 3880 roto
524 3840 591 3881 non
610 3819 732 3896 essent,
755 3839 844 3900 qnae
867 3830 964 3885 erunt
987 3830 1070 3882 octa
1092 3819 1126 3880 in
1145 3834 1188 3878 eo
1208 3833 1244 3875 re
1260 3810 1417 3894 publico,
1439 3813 1475 3874 in

149 3929 274 3990 quase
296 3910 365 3970 illis
387 3909 466 3989 ipsis
486 3907 693 3990 temporibus
715 3928 886 3975 censorem
907 3931 975 3975 esse
996 3909 1166 3972 voluisset.
1218 3903 1261 3966 Hi
1283 3912 1356 3967 siant
1378 3921 1476 3983 snpe-

147 4001 251 4062 riores
273 3997 318 4061 illi
340 4017 513 4074 censores,
540 3998 654 4083 quibus
676 3999 828 4064 Archiam
858 4023 928 4066 cerm
953 4003 996 4063 L.
1020 3998 1160 4062 Lucullo
1184 4009 1355 4082 quaestore
1376 3995 1477 4058 luisse

147 4089 179 4153 in
201 4091 280 4154 Asia
308 4088 427 4155 Cicero
456 4111 517 4172 pro
549 4090 671 4154 Archia
703 4113 776 4176 cap.
808 4095 839 4159 5.
867 4095 921 4159 ait.
964 4093 1120 4157 Lucullus
1140 4095 1222 4157 enim
1247 4095 1308 4155 hoc
1331 4103 1477 4171 terripore

149 4197 300 4268 qrraestor
328 4186 358 4247 in
388 4185 466 4248 Asia
495 4186 673 4267 permultos
700 4208 797 4249 annos
821 4187 997 4253 admirabili
1019 4190 1152 4271 qtradam
1175 4189 1265 4251 lande
1288 4183 1475 4268 provinciae

147 4277 302 4359 praefuit,
326 4290 359 4340 ut
379 4277 498 4343 Cicero
517 4278 548 4341 in
562 4278 690 4341 Luculli
709 4277 866 4362 principio
890 4282 1013 4346 scribit.
1028 4281 1199 4344 Lucullum
1223 4302 1301 4344 vero
1323 4278 1355 4341 in
1375 4282 1478 4344 Grae-

149 4370 197 4433 cia
220 4368 317 4432 luisse
339 4384 428 4450 ante,
453 4394 545 4456 qnam
563 4371 649 4435 Sulla
672 4393 712 4436 eo
736 4376 874 4450 veniret,
899 4398 940 4440 ex
961 4375 1126 4440 Plutarchi
1142 4376 1231 4439 Sulla
1252 4371 1476 4457 cognoscitur.

149 4464 237 4527 Sulla
266 4485 396 4550 quoqne
424 4482 464 4530 ex
492 4467 572 4532 Asia
599 4467 788 4543 decedente,
828 4470 983 4534 Lucullus
1014 4470 1058 4534 ibi
1088 4471 1218 4548 mansit,
1254 4479 1288 4531 ut
1318 4466 1400 4530 inira
1431 4464 1479 4528 di·

149 4577 269 4621 cemus.

596 4730 992 4750 m
