3218 5310
178 249 236 313 aas
435 247 775 313 nsnonnsrmn
800 244 947 309 vrrns
972 226 1235 310 crcsnours'
1353 294 1356 299 ⁴

197 466 269 517 Anni
302 467 372 518 Ante

196 540 229 592 U.
237 539 269 594 C.
298 542 329 594 C.
341 541 374 594 N.

395 719 488 783 libris
505 714 689 782 scribendis
707 718 811 783 lenire
829 713 977 784 studet¹
1020 710 1163 800 Scripsit
1179 718 1282 806 igitur
1300 714 1335 780 b.
1348 734 1379 780 a.

399 808 680 877 Coraaolottoaem
701 832 727 875 s.
749 813 865 878 librum
882 813 923 876 de
945 814 1036 893 luctu
1053 810 1248 898 minuendo,
1275 811 1380 875 libros

395 905 437 969 de
476 903 604 990 tirellum
640 905 803 971 bonorum
836 911 872 971 et
906 905 1097 994 maloram,
1145 902 1379 970 Academicus

395 1003 621 1086 qrmeattoaes.
664 998 817 1064 Animum
836 1001 934 1064 etiam
952 997 1073 1070 adiecit
1090 999 1175 1066 libro
1192 996 1236 1063 ad
1248 993 1378 1064 Caem-

393 1109 461 1156 rem
482 1089 525 1157 de
539 1109 577 1156 re
592 1092 680 1176 publ.
700 1093 883 1160 ordinanda
903 1094 1089 1160 scribendo.
1130 1093 1252 1160 Mense
1265 1092 1378 1177 Aprili

394 1184 491 1249 filium
524 1205 617 1248 suum
651 1185 833 1251 studiorum
863 1207 964 1253 causa
1000 1185 1155 1253 Athenas
1174 1187 1303 1272 ‚mitti13
1343 1189 1378 1250 et

395 1280 505 1363 paullo
524 1281 601 1364 post
625 1279 754 1346 Astura
768 1279 908 1346 discedit
928 1282 1138 1366 reliquosque
1151 1297 1281 1345 menses
1295 1296 1379 1362 par-

395 1375 450 1436 tim
473 1375 507 1436 in
526 1371 734 1460 Tusculano,
762 1377 879 1457 partim
901 1377 935 1439 in
953 1374 1111 1460 Arpinati
1134 1376 1272 1458 aliisque
1289 1373 1379 1436 villis

395 1468 568 1554 transigit3
600 1485 712 1531 mense
735 1463 872 1533 Octobri
888 1467 1077 1532 Romanae
1094 1468 1243 1552 coniert3
1265 1483 1378 1530 mense

394 1564 504 1623 autem
522 1559 696 1625 Decembri
717 1563 750 1624 in
767 1559 1001 1647 Puteolanum,
1033 1563 1089 1627 ubi
1106 1560 1187 1626 Xll.
1207 1559 1284 1625 Kal.
1305 1559 1379 1623 lan.

394 1647 570 1718 Caesarem
589 1654 722 1738 eiusque
744 1656 882 1720 comites
903 1653 1047 1739 bospitio
1066 1656 1206 1739 accepit.

192 1782 271 1851 710
309 1784 362 1851 44
395 1774 493 1842 Coss.
538 1777 856 1845 C.1ulina0aosae
880 1782 936 1854 V..
960 1782 1014 1844 Μ.
1039 1779 1223 1843 Antonias.
1414 1776 1465 1847 63

434 1893 552 1960 Primis
568 1898 646 1962 anni
667 1897 833 1963 mensibus
854 1891 970 1963 Cicero
989 1897 1134 1963 absolvit
1160 1895 1379 1963 caesarianas

394 1987 658 2074 disputationes.

436 2091 557 2159 Caesae
593 2096 705 2159 Idibus
734 2097 864 2161 Martiis
894 2097 923 2160 in
959 2097 1045 2160 curis
1074 2118 1091 2159 a
1125 2096 1299 2162 coninratis
1323 2099 1378 2162 M.

397 2185 519 2261 Bruto,
553 2185 596 2253 C·
621 2188 735 2252 Cassio
759 2190 891 2276 aliisque
911 2191 1111 2255 interficitur.
1156 2191 1321 2255 Coulurati
1344 2213 1379 2256 se

335 2277 346 2301 ⁸
395 2279 549 2361 recipiunt
579 2281 608 2342 in
633 2281 840 2363 Capitolium.
899 2283 1068 2350 Dolabella
1097 2283 1129 2346 ln
1158 2281 1307 2348 Caesaris
1328 2286 1378 2348 lo·

394 2394 464 2434 curn
486 2394 556 2436 cos.
575 2373 744 2438 sufficitur.

436 2485 553 2557 Cicero
585 2487 679 2556 XVI.
706 2489 782 2556 Kal.
805 2492 890 2578 Apr.
916 2496 950 2558 in
977 2493 1059 2560 aede
1091 2494 1234 2561 Telluris
1262 2514 1379 2581 pacem

394 2582 513 2648 suadet
544 2587 579 2650 et
611 2583 846 2657 discordiarum
868 2590 1053 2654 memoriam
1075 2589 1241 2654 oblivione
1259 2586 1379 2653 delen-

394 2675 468 2741 dam
481 2681 606 2743 censet.
647 2677 796 2743 Antonio
816 2677 901 2743 idern
919 2697 956 2744 se
973 2681 1060 2746 velle
1079 2682 1269 2768 simulante,
1291 2676 1381 2747 Cae-

394 2771 479 2835 saris
502 2771 735 2837 interfectores
757 2766 922 2854 Capitolio
946 2769 1169 2859 descendunt3
1195 2773 1245 2839 Μ.
1273 2774 1381 2839 Bruto

394 2859 509 2950 Creta,
531 2861 646 2931 Cassio
662 2864 791 2951 Africa,
813 2864 978 2931 Trebonio
991 2866 1086 2953 Asia,
1107 2864 1236 2935 Cimbro
1254 2867 1382 2954 Bithy-

394 2960 463 3040 nia,
485 2958 524 3023 l).
541 2958 646 3023 Bruto
669 2958 777 3024 Gallia
794 2960 928 3024 citerior
945 2956 1143 3025 decernitur.
1175 2956 1302 3026 Caesar
1314 2978 1380 3024 au-

393 3055 458 3117 tem
488 3071 562 3120 cum
591 3052 708 3116 iuuere
729 3051 836 3118 elatus
861 3055 895 3118 et
917 3052 960 3117 ab
978 3050 1128 3116 Antonio
1145 3052 1300 3118 laudatus
1319 3070 1379 3118 es-

392 3148 461 3231 set,
491 3145 617 3211 Brutus
643 3151 676 3210 et
701 3139 836 3210 Cassius
858 3164 879 3209 a
904 3145 1012 3228 plebis
1037 3147 1087 3210 ira
1108 3148 1171 3212 sibi
1193 3150 1381 3212 metuentes

392 3236 516 3304 Urbem
535 3240 724 3323 relinquunt
746 3243 780 3303 et
800 3237 896 3303 Antii
919 3244 952 3302 et
970 3237 1112 3303 Lanuvii
1128 3243 1380 3305 commorantur.

393 3330 562 3396 Antonius
581 3333 712 3398 ltaliam
741 3335 924 3418 percursat.
966 3328 1084 3397 Cicero
1103 3333 1202 3399 villas
1221 3349 1302 3396 suas
1322 3331 1381 3395 lu-

393 3427 498 3509 strat;
529 3426 709 3510 scribitque
731 3427 834 3490 libros
855 3425 898 3490 de
920 3430 1052 3490 statura
1066 3424 1224 3515 demam,
1255 3424 1299 3490 de
1320 3427 1379 3491 dt-

393 3521 570 3584 etraottoue
582 3568 593 3608 ,
626 3519 669 3583 de
685 3509 786 3606 Yoto,
808 3518 851 3583 de
873 3523 1050 3608 amicitia,
1078 3520 1122 3589 de
1144 3522 1321 3589 mittis
1344 3523 1379 3583 et

393 3609 436 3674 de
462 3610 584 3696 ptumo.
645 3611 820 3677 Dolabella
854 3612 1037 3679 columnam
1065 3614 1102 3679 ln
1131 3610 1211 3685 tore.
1229 3628 1256 3685 a
1277 3613 1378 3699 plebe

393 3697 528 3768 Caesari
550 3708 707 3771 statutam
731 3706 852 3771 evertit
885 3705 1097 3793 hominesque
1125 3704 1306 3783 radttlm
1321 3707 1379 3772 ul-

248 3857 250 3861 .
393 3798 480 3862 timis
505 3799 676 3882 suppliciis
698 3797 812 3866 aflicit.
854 3793 890 3864 C.
915 3795 1091 3885 Octavius,
1120 3796 1379 3877 ltmliacsa·

391 3891 449 3976 ris,
469 3889 650 3974 Apollonia
662 3890 834 3975 Neapolim
846 3892 938 3955 venit
952 3891 1044 3958 XlV.
1056 3890 1134 3961 ΚΑ.
1146 3890 1270 3963 m
1299 3892 1379 3959 Ka-

393 3983 500 4048 lendis
517 3985 620 4048 luniis
641 3990 816 4050 senatores
833 4005 906 4053 cum
927 3986 962 4049 in
985 3989 1128 4073 senatu,
1147 3991 1189 4053 ab
1207 3985 1379 4055 Antonius

393 4077 558 4162 edixerat,
579 4077 851 4164 adessevelleut,
873 4096 1033 4144 armorum
1055 4080 1224 4146 eiusmetu
1242 4084 1378 4165 perter-

392 4174 446 4238 riti
467 4171 651 4261 diffugiunt.
692 4168 808 4237 Cicero
831 4172 929 4237 villas
951 4174 1020 4238 obit
1048 4179 1082 4238 et
1105 4172 1208 4238 libros
1231 4174 1273 4237 dr
1292 4172 1377 4258 ⁰sfi·

392 4271 454 4334 ciis
474 4268 620 4333 scribere
635 4261 840 4355 aggreditur.
881 4264 927 4330 Et
952 4285 1023 4334 cum
1051 4264 1188 4332 baberet
1206 4267 1257 4330 lus
1276 4266 1377 4355 lega-

393 4362 492 4426 tlonia
517 4361 657 4447 liberae,
690 4357 861 4422 consilium
878 4360 967 4442 cepit
988 4361 1022 4423 tn
1041 4357 1214 4426 Graeciam
1240 4360 1378 4444 protici-

391 4452 516 4520 scendi.
557 4453 675 4538 Itaque
695 4448 775 4514 Xll.
798 4448 874 4515 Kal.
892 4447 1010 4516 Sextii.
1032 4449 1129 4516 Velia
1151 4450 1375 4542 proficiscens,

393 4537 525 4626 (ubila
541 4548 614 4632 lpsa
626 4544 841 4634 navigatione
863 4542 993 4629 'ropaca
1012 4542 1055 4610 ad
1081 4544 1269 4611 Trebatium
1286 4547 1376 4611 scri-

393 4631 481 4723 psit]
498 4639 663 4730 Rhegium
683 4642 717 4704 et
739 4636 814 4703 Kal.
831 4632 927 4703 Sext.
938 4632 1127 4724 Syracusas
1146 4639 1248 4704 venit.
1289 4636 1374 4705 lude

431 4781 460 4843 t>
470 4774 561 4832 'Tora
575 4776 623 4832 lv.
637 4778 681 4832 29.
695 4773 730 4827 ad
742 4774 802 4828 aar.
815 4772 879 4830 xii.
892 4776 939 4830 15.
952 4788 979 4826 et
992 4776 1038 4834 56.
