3218 5310
134 243 176 306 68
532 243 586 307 M.
611 242 771 308 TULLII
804 242 1053 309 CICERONIS

137 385 235 448 totius
256 384 363 450 ltaliae
382 384 470 450 vidit.
506 388 618 467 Neque
636 383 715 447 eninr
733 385 826 468 regio
848 383 908 447 fuit
930 384 992 446 ulla
1012 404 1113 466 neque
1131 381 1335 465 immicipium
1354 404 1458 470 neque

137 479 337 561 praefectura
368 489 421 541 aut
451 480 594 551 colonia,
628 499 668 541 ex
694 501 754 561 quta
779 500 842 542 noo
871 478 997 559 publice
1026 480 1065 559 ad
1092 475 1281 541 Ciceronem
1313 480 1459 542 veneunt

138 572 343 655 gratulatum.
383 574 538 661 ‚lllagoae
571 585 658 635 erant
688 571 858 634 effusiones
885 573 1045 635 hominum
1076 593 1115 634 cx
1148 572 1292 653 oppidIs,
1330 570 1459 636 maximi

138 687 311 728 concursus
329 687 369 729 ex
394 670 478 751 agris
494 665 752 747 patrumfamilias
775 687 844 726 cum
867 667 1057 749 coniugibus
1080 686 1116 726 ac
1141 665 1265 728 liberis.
1310 662 1458 750 Cumque

138 759 209 821 viae
229 759 425 823 trutltitudine
447 761 622 842 legatorum
646 759 782 842 undique
806 758 969 822 missorum
992 760 1248 833 celebrarentur,
1272 761 1369 823 nrbes
1392 760 1458 825 lla·

138 853 198 915 liae
221 853 321 915 festos
343 855 409 917 dies
429 874 526 937 agere
544 857 696 917 adrentus
716 856 783 916 cius
804 854 1006 928 ridebantur;
1034 853 1066 915 in
1087 852 1236 917 Pisonem
1257 874 1333 935 cap.
1350 852 1406 917 22.
1427 864 1458 917 et

138 968 201 1029 pro
222 947 327 1010 Sestio
350 969 421 1030 cap.
443 950 494 1012 63.
541 951 593 1012 Ad
613 954 720 1011 urbem
742 950 781 1010 ita
805 950 907 1023 venit,
934 959 967 1010 ut
989 968 1082 1010 nctno
1106 946 1197 1009 ullius
1219 946 1340 1010 ordinis
1358 946 1456 1011 horno

142 1042 370 1106 nomenclatori
388 1053 480 1105 notus
496 1042 608 1117 licerit,
631 1041 684 1125 qui
700 1043 757 1122 ipsi
776 1042 902 1104 obviam
920 1063 981 1104 nou
1003 1040 1141 1113 vcncrit;
1168 1040 1264 1121 epist.
1278 1043 1309 1103 l.
1324 1039 1384 1103 lib.
1393 1040 1455 1103 IV.

142 1141 179 1198 ad
197 1139 266 1199 Ati.
294 1137 406 1218 Itaque
422 1137 450 1198 in
467 1137 614 1199 Pisonem
631 1156 703 1218 cap.
717 1136 768 1200 29.
784 1135 824 1198 ait
838 1159 846 1198 t
872 1138 967 1199 Unus
982 1137 1037 1198 ille
1054 1136 1126 1198 dies
1143 1136 1227 1198 mini
1240 1135 1382 1219 quidem
1394 1136 1456 1199 inr-

141 1231 361 1293 mortalitatis
378 1232 489 1294 instar
497 1229 600 1320 fuit,
624 1252 691 1314 quo
713 1231 746 1292 in
767 1231 920 1312 patriam
939 1231 1045 1303 rediit
1066 1251 1144 1292 arem
1163 1242 1322 1292 senatum
1341 1250 1456 1315 egres·

139 1346 215 1388 sum
239 1325 307 1387 uidi
324 1327 556 1411 populumque
574 1326 675 1388 Rom.
697 1324 912 1395 universumt
933 1346 1010 1387 crim
1030 1323 1113 1387 milti
1131 1323 1207 1407 ipsa
1222 1327 1335 1389 noma
1350 1344 1458 1406 propa

140 1422 301 1483 convolsa
323 1419 460 1482 sedibus
484 1419 558 1481 sais
581 1417 627 1479 ad
650 1417 940 1498 complectendum
959 1431 1234 1481 conservatorem
1254 1438 1360 1481 saum
1375 1438 1458 1501 pro·

142 1514 261 1578 cedere
290 1514 362 1576 uisa
387 1525 451 1576 est.
496 1511 576 1576 Cum
605 1511 742 1574 venisset
767 1514 953 1591 adportato
978 1510 1157 1592 Capenam,
1189 1533 1250 1594 qua
1276 1512 1329 1575 vis
1352 1510 1457 1595 Appia

143 1609 227 1672 ducit
250 1609 281 1681 in,
304 1611 441 1682 Urbem,
467 1609 584 1689 gradus
605 1605 792 1686 templorum
816 1604 866 1684 (in
892 1606 1003 1689 qttibus
1027 1605 1088 1668 luit
1108 1605 1224 1668 Martis
1248 1617 1280 1668 et
1303 1605 1459 1671 Camen-

140 1705 231 1779 rum)
259 1704 298 1762 ab
321 1701 423 1762 infima
447 1701 540 1781 plebe
562 1699 711 1780 complcti
737 1709 844 1761 crant:
876 1720 892 1761 a
916 1720 976 1780 qua
998 1700 1108 1780 plausu
1127 1700 1265 1762 maxiano
1284 1720 1356 1762 cnm
1375 1704 1458 1761 esset

142 1793 292 1860 Ciceroni
314 1794 484 1877 gratulatio
510 1792 704 1876 significata,
734 1791 841 1854 similis
864 1803 896 1855 ct
916 1793 1093 1876 frequentia
1116 1804 1148 1856 et
1166 1794 1296 1875 plausus
1318 1810 1390 1855 eunt
1407 1810 1459 1854 ns·

126 1912 203 1974 =quc
222 1893 259 1952 ad
280 1888 472 1970 Capitolium
492 1886 684 1955 celebrarat
707 1885 736 1949 in
757 1887 831 1950 loro
849 1897 881 1949 et
900 1885 930 1947 in
949 1886 1021 1968 ipso
1039 1885 1203 1968 Capitolio
1222 1886 1362 1965 miranda
1380 1882 1459 1947 naul-

141 1985 242 2047 titudo
264 1983 342 2056 luit,
374 1982 468 2063 epist.
489 1985 520 2045 l.
549 1981 603 2054 lib.
622 1982 687 2044 IV.
718 1983 756 2043 ad
776 1984 844 2043 Att.
886 1984 1006 2064 Itaque
1028 1980 1084 2042 ille
1103 1980 1300 2052 annuales,
1332 1979 1376 2043 sit
1396 1998 1457 2061 pro

140 2079 237 2141 domo
260 2097 331 2157 cap.
348 2075 421 2147 28„
444 2096 512 2158 quo
532 2075 586 2137 die
609 2096 661 2136 me
680 2076 829 2156 populns
845 2077 1020 2140 Romanus
1037 2095 1061 2136 a
1077 2086 1183 2157 porta
1200 2072 1237 2138 in
1250 2073 1457 2157 Capitolium

140 2183 243 2253 atque
270 2169 305 2231 in
335 2169 474 2231 domum
499 2189 565 2230 atta
589 2166 781 2230 celebritate
804 2168 999 2251 laetitiaque
1027 2169 1227 2230 comitatum
1253 2167 1455 2244 itonestanit,

141 2274 259 2326 tantae
285 2261 368 2324 mibi
388 2261 592 2323 iucunditati
602 2259 705 2350 ficit,
736 2274 774 2324 tit
793 2272 854 2322 tua
877 2261 961 2323 mini
981 2265 1211 2325 conscelerata
1234 2262 1297 2325 itta
1319 2262 1371 2325 uis
1390 2280 1458 2325 non

19 2382 26 2396 ·
141 2356 244 2420 inodo
274 2374 342 2417 non
367 2354 621 2436 propulsanda,
652 2355 711 2416 sed
737 2355 841 2416 etiam
866 2355 1008 2416 emenda
1020 2351 1147 2445 fuisse
1168 2352 1337 2421 uideatur.
1380 2348 1463 2433 Pto:

139 2450 268 2510 iacchus
291 2468 321 2509 c.
343 2447 394 2511 33.
414 2446 538 2521 scribit,
567 2448 741 2509 revertenti
764 2444 913 2509 Ciceroni
936 2458 1021 2509 tanta
1042 2448 1155 2510 laetitia
1177 2447 1341 2526 civitates,
1368 2460 1457 2513 tanto

138 2543 244 2605 studio
273 2539 417 2603 homines
447 2539 574 2603 obviam
600 2540 739 2615 venisse,
775 2552 808 2602 ut
835 2539 914 2603 insta
942 2541 1104 2603 veritatem
1133 2535 1199 2615 sit,¹
1227 2544 1315 2624 qttod
1345 2552 1457 2625 postet

138 2635 236 2710 dixit,
267 2655 301 2696 se
323 2633 461 2695 humeris
485 2633 594 2696 ltaliae
614 2634 747 2697 Romam
774 2644 972 2714 reportatum
998 2631 1107 2695 luisse.
1152 2634 1243 2697 Dixit
1267 2647 1369 2707 atatem
1396 2638 1458 2701 hoc

136 2725 169 2790 in
195 2740 336 2791 extrema
362 2726 509 2789 oratione
530 2738 605 2808 post
623 2727 757 2790 reditum
779 2727 810 2788 in
833 2739 956 2789 senatu.
1000 2726 1164 2790 Postridie
1186 2727 1219 2805 in
1246 2740 1373 2809 senatu,
1402 2728 1457 2817 qni

111 2821 199 2886 ‘lttit
222 2823 287 2883 dies
309 2822 397 2885 Non.
418 2821 618 2901 Septembr.,
650 2821 770 2884 senatui
793 2820 909 2905 gratias
931 2820 995 2903 egit
1019 2841 1055 2882 ea
1078 2821 1242 2897 oratione,
1274 2844 1357 2906 quae
1376 2832 1458 2908 post

137 2915 286 2978 reditum
308 2914 344 2977 in
366 2925 489 2977 senatu
510 2913 659 2995 inscripta
680 2925 793 2978 exstat.
842 2914 919 2997 Egit
945 2914 1036 2976 ctiam
1064 2912 1186 2996 populo
1208 2915 1306 2980 Rom.
1338 2919 1456 3003 gratias

138 3008 235 3072 altera
259 3008 422 3082 oratione,
445 3028 526 3092 quiae
547 3019 622 3089 post
644 3008 792 3070 reditum
813 3008 859 3069 ad
879 3007 1033 3091 Quirites
1054 3008 1264 3073 inscribitur.¹
1299 3010 1353 3075 De
1372 3022 1457 3075 ntra·

138 3122 200 3187 que
215 3103 280 3167 Dio
303 3101 347 3165 ita
368 3101 495 3165 scribit:
529 3101 681 3182 κατῆλθέ
701 3124 733 3166 τε
756 3089 814 3167 oirr
839 3097 857 3166 ὁ
880 3104 1026 3190 Κικέρων
1051 3108 1106 3169 καὶ
1125 3099 1223 3192 χάριν
1241 3105 1280 3199 τῇ
1301 3128 1336 3171 te
1355 3105 1459 3200 βουλῇ

136 3200 194 3260 καὶ
209 3195 254 3286 τῷ
269 3191 375 3285 δήμῳ,
395 3189 632 3284 παρασχόντων
647 3190 736 3285 αὐτῷ
751 3195 812 3259 τῶν
826 3188 974 3273 ὑπάτων,
995 3199 1049 3259 καὶ
1065 3195 1150 3261 κατὰ
1167 3193 1205 3262 τὸ
1219 3191 1392 3288 συνέδριον
1404 3204 1458 3265 arai

138 3283 224 3352 κατὰ
250 3285 308 3367 rip
333 3291 503 3370 ἐκκλησίαν
527 3288 616 3373 ἔγνω.
664 3289 702 3351 Id
729 3301 794 3350 est:
832 3289 945 3357 Rediit
974 3288 1086 3372 igitur
1110 3289 1230 3356 Cicero
1259 3302 1302 3361 et.
1324 3292 1457 3377 gratiae

178 3435 207 3507 t)
227 3437 285 3488 Hae
302 3450 365 3485 cum
385 3431 489 3486 duabus
509 3432 566 3488 Illis
585 3450 635 3505 pro
654 3430 738 3484 domo
755 3450 802 3485 sua
823 3449 850 3485 et
870 3431 903 3485 de
918 3435 1092 3506 haruspicum
1107 3440 1262 3508 responsit,
1280 3436 1458 3511 nupera&-

138 3510 225 3564 velsio
244 3505 386 3571 defensae,
417 3508 450 3559 ab
471 3512 565 3579 ioepto
586 3506 770 3562 declamatore
796 3512 893 3580 prlmit
917 3515 1030 3581 Augusti
1050 3514 1146 3575 annls,
1173 3527 1203 3564 ot
1228 3525 1316 3582 puto,
1341 3526 1408 3566 aute
1433 3524 1457 3563 a.

141 3604 169 3639 u.
188 3601 213 3638 e.
234 3584 296 3642 7ἰιο.
316 3588 487 3655 compositae
499 3584 681 3653 Cicerontque
699 3583 819 3636 tributae
836 3600 911 3636 tunt.
946 3585 1084 3657 Suspicarl
1104 3587 1171 3640 licet
1192 3601 1300 3657 praeter
1320 3598 1369 3651 ea,
1389 3600 1456 3659 quat

137 3659 264 3714 falsarius
277 3677 292 3710 e
307 3659 493 3712 Pisonianam
508 3658 630 3712 Sestiana
645 3657 791 3711 suffuratus
804 3675 862 3723 est,
883 3657 936 3711 alia
953 3660 1085 3732 permulta
1105 3664 1201 3715 hantis
1217 3678 1274 3715 etse
1287 3678 1303 3713 s
1316 3664 1456 3717 cuens-ts

137 3734 322 3808 Expositione
350 3750 464 3785 suornm
489 3728 680 3801 consiliorum,
706 3751 787 3806 quem
812 3733 914 3786 librum
943 3733 978 3786 ad
1001 3737 1074 3788 hono
1105 3751 1206 3791 annom
1235 3732 1320 3791 refert
1341 3736 1399 3791 nto
1416 3738 1461 3803 39,

140 3817 185 3868 to.
205 3809 240 3864 T.
255 3811 278 3864 I.
299 3828 325 3880 p.
340 3811 409 3868 488.
429 3807 519 3861 Sture.
557 3809 663 3862 Nonum
684 3824 774 3861 autem
796 3824 985 3881 argumentum
1006 3812 1130 3878 rodelont
1149 3817 1265 3866 istarum
1282 3808 1461 3867 declamatio·

140 3903 207 3938 nom
222 3888 358 3938 trablmut
371 3903 386 3936 e
400 3880 520 3936 Scholiis
539 3882 722 3937 Bobiensibus
737 3883 862 3938 adorat.
881 3901 941 3955 post
955 3884 1012 3941 red.
1026 3890 1055 3937 io
1069 3903 1126 3941 sen.
1145 3906 1174 3961 p.
1189 3890 1254 3946 2l8.
1271 3886 1323 3941 Ed.
1337 3902 1456 3943 nostrae:

142 3960 311 4014 orationum
331 3958 400 4011 ordo
419 3957 613 4011 Ttrllianarnnt
632 3976 652 4009 a
670 3958 749 4010 nodis
764 3956 896 4028 profecto
912 3960 1093 4028 flammabat,
1118 3971 1150 4014 nt
1169 3961 1367 4032 praecedentis
1383 3980 1460 4016 aaut·

141 4042 279 4088 mentatio
297 4053 359 4087 earn
376 4033 586 4097 sttbiicerentus,
611 4053 680 4103 patae
701 4035 864 4086 inscribitur
887 4035 920 4088 sl
945 4036 1028 4089 EUM
1048 4037 1083 4091 Ρ.
1109 4037 1274 4092 ctoottis
1298 4034 1460 4096 utemur

142 4109 462 4168 tnTEnnossassET;
488 4127 557 4178 qttoa
581 4115 675 4160 oratio
696 4109 810 4160 videtur
829 4118 895 4178 post
915 4119 1030 4162 moriem
1050 4117 1109 4163 eius
1135 4118 1261 4168 inventa.
1298 4112 1378 4168 Adeo
1405 4116 1460 4167 ΙΙΙ

143 4189 190 4238 lttt
204 4185 392 4252 scholiastae,
407 4186 513 4239 homini
526 4187 642 4235 minime
656 4182 742 4250 vafro,
757 4185 937 4255 Improbabiie
952 4185 1121 4241 ridebatur·
1136 4190 1271 4242 Cicerone
1285 4191 1348 4262 ipso
1360 4185 1460 4243 eitun

144 4275 203 4312 esse
217 4274 294 4324 eam,
312 4277 380 4330 quae
395 4264 549 4313 etiamtunc
562 4256 715 4325 ferebatur,
738 4264 893 4314 orationem
907 4259 940 4313 Sl
952 4260 1035 4315 Euat
1049 4279 1124 4328 cen,
1147 4262 1224 4317 atad
1238 4278 1293 4317 tam
1307 4266 1459 4338 precaria!

143 4332 304 4405 coningeret
324 4340 498 4408 opinionem,
523 4332 637 4387 eandem
656 4338 718 4408 posi
739 4350 857 4388 mortem
877 4333 987 4388 demuto
1007 4340 1066 4390 eius
1086 4356 1144 4393 esse
1163 4342 1314 4395 Iuventam.
1352 4340 1460 4397 Paeto-

144 4423 190 4462 res
218 4413 247 4460 ln
273 4424 330 4462 tota
352 4410 404 4464 bac
426 4409 522 4482 κρίσει
544 4426 682 4480 nonquam
706 4408 891 4463 obliviscenda
916 4411 996 4464 rerba
1016 4428 1080 4467 ιιιιι
1099 4417 1206 4468 Διοοιιῐῐ
1227 4418 1255 4467 lo
1274 4414 1326 4471 oe.
1346 4416 1377 4467 ln
1398 4427 1459 4487 roga

145 4481 227 4539 caud.
261 4499 321 4556 pag.
346 4488 392 4544 95.
418 4487 470 4542 Ed.
494 4487 582 4540 Boin:
630 4487 702 4537 Hrtia
728 4491 855 4538 orationi
880 4487 1021 4540 Ciceronis
1051 4497 1080 4540 et
1109 4489 1234 4541 Catilina
1261 4496 1290 4541 st
1317 4492 1461 4545 Antonias

143 4559 339 4613 contumeliose
355 4561 573 4631 respondemur,
591 4560 665 4631 quod
681 4561 770 4613 solam
785 4570 935 4631 poterant,
954 4568 1059 4615 invecti
1079 4569 1108 4614 in
1127 4569 1284 4617 novitatem
1300 4567 1371 4618 eius.
1403 4562 1459 4617 Fe-

144 4642 248 4687 rnrtinr
272 4651 374 4705 ottoque
400 4643 543 4689 orationes
566 4642 675 4687 nomine
698 4637 810 4689 iliorum
836 4635 945 4704 editae,
973 4655 1030 4689 non
1051 4639 1087 4689 ab
1104 4643 1172 4707 ipsis
1188 4644 1330 4711 scriptae,
1358 4636 1410 4693 esd
1424 4635 1459 4691 αὖ

145 4710 287 4764 Ciceronis
305 4710 549 4778 obtrectatoribus,
572 4729 641 4781 prius
658 4716 751 4764 nescio
769 4729 807 4763 art
826 4718 917 4763 satius
934 4717 974 4765 sit
992 4718 1136 4782 ignorare.
1173 4715 1197 4769 B
1217 4718 1357 4771 eoutnrlt
1374 4710 1458 4771 'l'tllll

143 4788 344 4841 admiratorem
362 4786 457 4840 schola
475 4785 617 4861 proiectae
633 4802 698 4842 tunt
715 4793 854 4843 oratioue·
873 4787 1047 4847 subditione.
