3218 5310
159 470 233 523 doni
266 471 338 523 dote

159 542 195 598 11.
202 544 235 598 c.
267 545 341 599 C.N.

157 722 330 794 70846

546 250 640 319 esu
661 212 815 319 bunos
836 252 1053 321 omissus.

1393 256 1453 322 125

362 717 460 784 Coss.
505 720 540 783 0.·
562 718 671 784 lulius
686 723 808 786 Caesar
821 724 907 798 111„
929 726 984 789 Μ.
999 723 1166 789 Aemilius
1177 721 1341 807 Lepidus.
1375 722 1425 796 61

404 834 440 898 0.
461 830 572 897 lulius
590 835 714 897 Caesar·
735 833 839 896 minui
863 835 930 899 111.
953 836 1123 914 Dictator,
1146 838 1202 903 Μ.
1223 833 1340 902 Aemi·

361 923 429 989 lius
450 924 601 1008 Lepidus
624 926 718 1011 Meg.
744 928 907 1011 Equitum.

406 1016 527 1083 Caesar
539 1017 628 1082 initio
638 1022 749 1082 mensis
756 1021 878 1104 Aprilis
887 1021 1067 1105 Scipionem
1076 1032 1109 1087 et
1119 1021 1229 1085 Iubam
1244 1018 1341 1083 vineit

362 1112 731 1196 PeucisdiebuspostM.
740 1113 1007 1181 CatoUticecsibi
1016 1124 1149 1180 mortem
1159 1112 1339 1181 consciscit.

363 1205 495 1280 Caesar,
506 1205 659 1270 Africano
672 1208 757 1272 bello
769 1210 930 1284 coniecto,
954 1211 1004 1274 ld.
1013 1209 1109 1274 Iuniis
1121 1210 1251 1272 classem
1265 1227 1341 1270 con·

360 1299 479 1362 scendit
504 1311 535 1363 et
556 1300 607 1363 die
633 1302 726 1365 tertio
752 1302 782 1364 in
807 1303 982 1366 Sardiniam
1009 1302 1109 1366 venit.
1166 1303 1245 1366 lude
1275 1301 1339 1364 Ill.

363 1393 438 1458 liat.
457 1392 568 1472 Qttint.
596 1395 760 1476 proiectos
783 1399 919 1462 Romam
943 1397 1028 1461 venit
1049 1419 1078 1460 ιι.
1098 1398 1130 1460 d.
1158 1396 1243 1459 v11.
1268 1393 1342 1460 ital.

363 1488 455 1550 Sext.
498 1488 549 1552 lbi
572 1500 709 1570 qtsntuor
733 1489 898 1574 triumphis
916 1491 994 1555 netis
1018 1512 1084 1554 rem
1113 1489 1227 1572 publ„
1256 1510 1341 1552 surn-

364 1600 441 1644 mam
471 1593 660 1664 potestatem
693 1595 819 1661 nactus,
853 1584 1027 1650 constituit.
1073 1587 1229 1649 Extremo
1259 1603 1341 1645 anuo

362 1676 403 1736 sd
422 1674 536 1737 bellum
555 1671 767 1758 Hispaniense
790 1681 941 1743 adversus
961 1678 1106 1762 Pompeii
1128 1679 1247 1741 liberos
1263 1696 1342 1758 pro·

362 1767 463 1831 iectus
488 1778 537 1830 est
563 1781 595 1831 et
619 1781 693 1851 post
713 1772 854 1835 XXVII
881 1771 997 1834 diesin
1034 1770 1216 1854 Hispaniam
1240 1769 1336 1833 veuit.

363 1862 485 1924 Eodem
515 1883 598 1926 nouo
620 1861 742 1927 Caesar
766 1864 866 1929 fastos
893 1865 1034 1928 correxit
1063 1878 1093 1928 et
1118 1876 1153 1928 ut
1176 1864 1207 1928 io
1232 1873 1342 1948 poste·

364 1975 432 2018 ιιιιιι
452 1975 491 2018 ex
514 1957 588 2020 liat.
612 1957 681 2020 lan.
705 1969 882 2040 temporum
906 1959 988 2023 ratio
1016 1958 1115 2044 tnagis
1133 1967 1339 2042 congrueret,

365 2045 447 2112 inter
468 2051 648 2113 Novembr.
665 2063 697 2112 et
710 2050 883 2115 Decernbr.
907 2072 1027 2115 coenses
1049 2054 1128 2116 diros
1151 2052 1230 2116 alios
1244 2050 1342 2115 inter·

273 2160 276 2167 ·
363 2142 455 2217 iecit,
490 2140 532 2204 ita
560 2153 594 2205 nt
621 2142 672 2204 bie
698 2165 795 2207 anulis
819 2155 949 2209 serrato
984 2156 1091 2208 vetere
1114 2165 1220 2208 mense
1243 2143 1341 2207 inter·

363 2234 499 2311 cslsrio,
524 2236 607 2300 XV.
635 2237 786 2300 mensium
806 2248 901 2301 esset.

405 2347 569 2419 Cicerob.
584 2371 614 2418 u.
628 2359 837 2440 partitiones
859 2360 1044 2445 oratorius,
1066 2353 1186 2420 delude
1204 2354 1343 2420 taudem

366 2441 510 2512 Gutortis
536 2448 687 2534 seripslt,
726 2450 778 2514 oui
806 2444 933 2516 Ciessr
959 2406 1206 2515 Arueatonem
1233 2466 1343 2532 oppo-

362 2541 443 2604 suit.
486 2538 615 2604 lleinde
636 2543 770 2626 scripsit
790 2537 975 2608 Oratorem
990 2540 1033 2607 od
1050 2541 1101 2608 M
1115 2540 1263 2624 Brutum,
1286 2541 1342 2627 qui

363 2635 429 2697 ium
457 2632 586 2699 Gulilue
608 2630 797 2720 Cisalplmte
824 2637 988 2721 prueernt
1030 2633 1119 2701 Prld.
1142 2634 1219 2700 Kel
1235 2636 1343 2699 inter-

362 2727 461 2792 enlur.
489 2728 617 2811 priores
638 2726 727 2812 apud
747 2724 924 2794 Cueserem
944 2728 1059 2795 babuit
1079 2731 1259 2794 orstlonem
1281 2747 1342 2813 pro

365 2819 403 2900 Q.
430 2819 588 2909 bipalio,
622 2840 717 2906 quem
742 2819 781 2903 Q·
809 2821 927 2886 Aelius
955 2821 1087 2889 Tubero
1114 2825 1343 2889 uoeusuvemt.
1420 2891 1424 2899 ,

362 2913 522 2979 Extremo
537 2932 625 2981 unrm
642 2932 714 2981 eum
729 2914 887 2980 'l‘erentle
898 2935 1002 2981 uxore
1016 2915 1193 2981 divortium
1211 2917 1301 2981 iecit

158 3046 239 3118 ⁷0⁹
275 3048 328 3116 45
363 3047 532 3116 Corui,¹
506 3051 671 3116 (idulium
694 3056 818 3118 Caesar·
840 3055 904 3117 IV.
940 3052 1108 3131 Dictator,
1138 3053 1195 3121 M
1225 3050 1341 3118 Aemi-
1379 3046 1432 3117 62

505 3144 573 3208 iius
595 3145 744 3228 Lepidus
768 3148 862 3230 Mag.
882 3145 1048 3230 Equitum.

404 3259 532 3323 Caesar·
555 3258 659 3321 simui
680 3259 747 3322 lv.
771 3257 881 3322 consui
903 3257 977 3322 sine
998 3259 1130 3340 collega
1146 3256 1236 3346 suit.

406 3367 545 3443 Caesnr,
577 3369 668 3432 victis
697 3371 726 3433 in
758 3369 910 3452 Hispania
937 3367 1084 3450 Pompeii
1108 3368 1201 3445 liliis,
1240 3370 1342 3434 Sexto

365 3472 396 3525 et
418 3460 547 3536 Cnseo,
572 3484 679 3527 menso
702 3463 839 3530 Octobri
863 3466 997 3527 Romam
1014 3483 1163 3527 reversus
1177 3464 1342 3529 consulatu

364 3576 399 3620 se
423 3555 548 3619 abdicat
582 3568 613 3619 et
640 3559 683 3637 Q.
715 3556 847 3620 Fabium
878 3526 1054 3621 bssximum
1081 3566 1115 3621 et
1144 3556 1343 3622 C.'1'rebo·

365 3649 449 3714 nium
469 3648 529 3713 sibi
554 3650 679 3715 sufficit.
723 3650 843 3716 Uitimo
872 3661 974 3714 sutem
996 3649 1184 3714 Decembris
1206 3651 1256 3714 die
1273 3673 1342 3714 cnm

365 3742 483 3808 Fsbius
518 3743 725 3820 decessisset,
777 3742 958 3807 Trebonius
990 3765 1070 3809 vero
1110 3745 1254 3819 abesset,
1301 3742 1342 3808 C.

367 3834 516 3903 Caninius
542 3836 676 3901 Rebilus
698 3838 809 3900 consul
834 3836 1051 3916 rennutintnr,
1074 3840 1152 3924 qui,
1177 3848 1211 3901 nt
1226 3837 1342 3903 Cicero

364 3929 549 4006 iocabatur,
579 3931 657 3994 adeo
675 3929 808 4014 vigilans
830 3930 941 3994 consul
965 3931 1047 4011 luit,
1086 3943 1121 3996 ut
1142 3942 1212 3996 toto
1229 3951 1343 3995 eonsu-

365 4025 431 4088 latu
452 4045 595 4089 somnum
618 4044 680 4086 non
706 4023 830 4087 viderit.

404 4127 524 4205 cicero
539 4135 631 4199 initio
647 4132 679 4197 b.
700 4154 730 4200 u
745 4134 800 4200 vel
818 4135 987 4220 superiore
1006 4137 1149 4200 exeunte
1164 4135 1264 4200 missu
1274 4132 1343 4198 'le-

365 4229 474 4293 rentlu
493 4225 666 4293 Publilium
689 4246 825 4294 uxorem
844 4226 959 4317 duxlt,
980 4229 1074 4293 euius
1096 4228 1183 4293 bone
1205 4226 1303 4292 heres
1324 4243 1346 4289 s

365 4324 461 4407 petre
482 4318 799 4387 fideicommissorlus
820 4323 957 4388 relictus
977 4319 1196 4386 custodiebat
1236 4318 1345 4385 Tullia

367 4416 438 4479 elus
448 4413 530 4498 iiie,
551 4418 629 4499 post
647 4414 824 4481 divortium
837 4433 909 4481 eum
924 4411 1100 4479 Dolabella
1116 4412 1248 4496 tectum,
1269 4410 1345 4478 llo-
1408 4437 1411 4444 ·

367 4524 437 4572 moe
460 4506 594 4572 filiolum
615 4509 746 4594 peperit
778 4510 812 4573 et
844 4507 956 4594 paullo
978 4511 1055 4593 post
1077 4506 1163 4572 diem
1185 4507 1265 4576 obiit
1283 4528 1345 4573 su-

366 4618 521 4686 premum.
573 4595 691 4668 cicero
724 4601 938 4667 vehementer
959 4603 1030 4666 elus
1055 4605 1159 4667 morte
1192 4598 1345 4682 sillictus,

367 4691 510 4760 Publilia
536 4692 689 4778 diuitem
726 4692 874 4762 Asturae
903 4712 940 4760 se
971 4693 1098 4761 abdidit
1134 4694 1346 4782 doloremque

366 4805 459 4854 suum
483 4790 602 4875 purtim
620 4789 690 4856 teni
714 4787 854 4856 lulllse·
867 4787 1017 4881 erlgeudi
1038 4789 1194 4874 oonsilio,
1226 4790 1346 4876 partlm
