3218 5310
685 268 925 337 HISTORIA.
1432 275 1473 342 55

144 412 226 498 tuit,
260 412 305 494 Q.
328 410 541 488 Hortensium
575 414 613 474 de
642 411 824 495 posteriore
847 411 982 490 Cicero,
1018 413 1073 500 qui
1094 413 1177 479 illam
1200 435 1283 480 anno
1305 415 1473 499 superiore

145 517 372 592 oppresserat,
404 506 544 570 defendit
565 505 712 572 oratione
733 505 807 582 illa,
838 530 921 591 quae
948 530 1011 591 pro
1033 508 1121 572 Snlla
1144 521 1265 573 exstat:
1296 531 1389 595 quatu
1410 512 1474 575 hoc
1505 523 1506 527 ’

144 613 313 684 tempore,
347 597 564 665 condemnatis
591 599 659 663 aliis
683 600 875 678 coniuratis,
909 603 1047 666 habitam
1070 624 1139 667 esse
1167 602 1224 669 illa
1251 605 1351 667 verba
1377 625 1474 689 argu-

144 704 255 759 mento
280 703 355 757 sunt
379 714 451 777 cap.
469 693 548 757 32:
571 695 794 760 Severitatem
815 698 1039 773 iudiciorum,
1062 718 1150 783 qnae
1167 720 1233 782 per
1254 698 1318 760 hos
1342 718 1474 762 menses

143 789 182 854 in
198 787 354 853 homines
370 787 623 852 audacissimos
629 785 743 880 facta
759 802 822 868 est,
837 791 977 855 lenitate
992 812 1034 854 ac
1049 791 1288 857 misericordia
1302 791 1472 876 mitigate.

143 884 223 948 Huc
243 881 382 958 accedit,
407 884 494 969 quod
516 883 660 945 homines
686 884 772 947 docti
793 883 953 948 tribunum
975 886 1082 963 illum,
1111 908 1206 971 quern
1227 884 1345 951 Cicero
1366 889 1405 950 ad
1425 887 1474 950 lu·

144 978 271 1064 gendos
294 977 482 1041 coniuratos
506 998 547 1038 ex
569 975 632 1040 illis
658 976 802 1041 relictum
828 978 926 1042 rideri
949 981 992 1043 ait
1020 981 1186 1062 cap.10.,
1218 981 1389 1067 Metellum
1407 982 1475 1045 Nc-

142 1081 256 1155 potem
283 1091 355 1135 esse
383 1090 447 1134 non
476 1067 543 1133 sine
565 1092 658 1134 causa
681 1083 806 1154 putant.
855 1073 979 1136 Eodem
1000 1085 1164 1157 tempore,
1195 1096 1265 1139 cum
1291 1074 1379 1140 Sulla
1399 1095 1473 1139 reus

143 1175 243 1241 esset,
261 1166 390 1230 domurn
404 1163 521 1230 Cicero
533 1163 564 1228 in
575 1163 700 1228 Palatio
718 1165 810 1240 emit;
830 1161 867 1229 'ttt
885 1167 1008 1231 Gellius
1026 1168 1137 1232 scribit
1149 1168 1206 1231 lih.
1225 1168 1309 1232 XII.
1329 1190 1401 1251 cap.
1419 1169 1473 1233 tt.

143 1259 273 1326 Domus
297 1271 422 1342 emptae
445 1281 463 1321 a
488 1280 522 1322 sc
544 1257 681 1323 meminit
702 1259 795 1342 epist.
818 1262 869 1324 10.
900 1260 956 1324 lih.
980 1262 1008 1326 Ι.
1040 1264 1080 1325 ad
1102 1263 1194 1337 Art,
1225 1283 1320 1347 quam
1344 1261 1474 1348 scripsit
1566 1320 1570 1333 .

144 1374 255 1418 mense
276 1352 426 1417 Ianuario
446 1353 519 1415 anni
539 1352 710 1439 sequentis.
755 1353 864 1435 Quare
885 1376 948 1433 non
967 1355 1096 1457 dttpito,
1121 1355 1197 1441 quin
1216 1368 1361 1421 extremo
1380 1357 1472 1422 huius

146 1448 221 1513 anni
239 1468 363 1525 mense,
387 1468 459 1509 cum
483 1445 526 1527 Q.
548 1447 658 1510 Fufius
680 1445 818 1512 Calenus
840 1449 1033 1512 tribunatum
1059 1450 1146 1534 pleb.
1163 1449 1323 1527 inivisset,
1353 1448 1474 1519 Cicero

144 1541 313 1627 scripserit
328 1539 422 1625 epist.
436 1541 467 1605 6.
481 1542 538 1604 lib.
552 1543 597 1607 V.
608 1540 723 1605 Famil.
742 1544 782 1604 ad
794 1544 836 1607 P.
850 1543 1005 1608 Sestium:
1030 1543 1097 1630 qui,
1117 1565 1189 1609 cum
1204 1564 1288 1609 anno
1303 1545 1473 1628 superiore

146 1635 192 1703 C.
212 1633 346 1702 Antonii
365 1635 505 1701 consulis
529 1648 679 1720 quaestor
700 1636 831 1714 luisset,
858 1639 920 1701 hoc
941 1659 1024 1703 anno
1045 1659 1108 1721 pro
1130 1649 1300 1722 quaestore
1323 1661 1393 1703 cum
1416 1661 1475 1704 eo·

144 1732 268 1796 demin
288 1729 479 1794 Macedonia
497 1742 579 1794 crat.
614 1729 699 1793 Vide
719 1729 813 1796 Orat.
835 1751 898 1812 pro
919 1731 1025 1795 Sestio
1048 1753 1122 1815 cap.
1143 1734 1174 1795 5.
1212 1728 1276 1795 Cn.
1299 1732 1474 1816 Pompeius

143 1824 297 1903 conlecto
314 1826 374 1889 iant
390 1826 474 1889 hello
491 1824 713 1889 Mithridatico
732 1823 855 1888 litteras
877 1825 1004 1907 publice
1020 1824 1163 1889 miserat:
1187 1826 1220 1887 in
1239 1821 1365 1909 quibus,
1386 1830 1475 1911 quod

141 1921 391 2008 gratulationem
411 1921 450 1983 de
471 1921 568 1983 rebus
587 1940 604 1980 a
623 1939 657 1981 sc
682 1918 714 1980 itt
738 1921 818 1981 urbe
839 1917 937 2002 gestis
957 1917 1233 2000 praetermiserat,
1258 1913 1377 1984 Cicero
1401 1940 1473 1983 cttm

142 2036 186 2081 eo
205 2015 389 2098 expostulat
406 2014 500 2096 epist.
519 2019 549 2077 7.
570 2013 645 2077 libr.
663 2013 709 2075 V.
733 2015 773 2075 ad
790 2012 905 2076 Famil.
927 2014 968 2077 P.
990 2010 1124 2076 Clodius
1142 2013 1210 2095 Ap.
1229 2010 1272 2074 F.
1290 2013 1476 2078 adolescens

143 2111 251 2174 audax
267 2110 472 2183 stimulent,
497 2108 670 2191 Pompeiae
691 2105 804 2171 tutoris
820 2105 861 2172 C.
877 2104 1026 2170 Caesaris
1049 2127 1158 2170 amore
1181 2121 1306 2189 captus,
1328 2119 1473 2172 extremo

142 2204 211 2275 hoc,
232 2221 331 2277 anno,
361 2225 433 2264 cnm
456 2203 566 2267 Bonae
588 2201 677 2266 Deae
705 2201 737 2265 itt
767 2203 863 2264 danto
886 2199 1033 2265 Caesaris
1063 2221 1126 2284 pro
1152 2204 1275 2287 populo
1302 2203 1419 2293 aaut,
1439 2201 1474 2267 in

143 2306 294 2379 opertum
321 2317 392 2358 cum
418 2306 506 2359 veste
534 2294 677 2359 mttliehri
705 2295 805 2371 veuit,
834 2315 964 2378 sperans
993 2316 1048 2371 se,
1079 2298 1167 2378 quod
1195 2296 1348 2363 imberbis
1373 2302 1472 2375 Udi,

143 2391 226 2454 clam
244 2390 422 2477 ingressum
443 2393 483 2453 ad
499 2389 685 2473 Pompeiam
706 2399 948 2472 perventurum.
986 2389 1050 2452 Sed
1070 2391 1142 2453 dum
1161 2389 1193 2453 in
1213 2391 1324 2475 amplis
1343 2380 1475 2457 stlatis

142 2484 274 2549 aedibus
296 2485 443 2560 oberrat,
467 2485 508 2548 ab
528 2483 696 2569 Aureliae,
720 2483 829 2546 matris
852 2480 1020 2560 Caesaris,
1044 2482 1157 2548 ancilla
1179 2484 1393 2569 conspicitur,
1414 2506 1473 2553 no·

144 2598 282 2662 rnenqne
301 2590 454 2664 rogatus,
478 2600 549 2641 cum
572 2599 606 2641 se
624 2576 747 2642 Auram
769 2567 935 2667 (Ἀθραᾳ)
958 2572 1162 2662 pedisequam
1181 2578 1357 2663 Pompeiis
1375 2600 1474 2665 qttae·

143 2694 217 2737 rere
242 2670 392 2748 dixisset,
421 2694 462 2735 cx
486 2692 567 2734 voce
592 2670 777 2755 agnoscitur
799 2680 831 2734 et
852 2693 870 2734 a
892 2672 1078 2735 mulieribus
1102 2671 1134 2735 in
1156 2672 1306 2739 cubiculo
1331 2670 1473 2755 ancillae,

143 2789 216 2831 cum
240 2787 302 2851 qua
325 2768 453 2831 domum
475 2765 637 2850 ingressus
660 2776 745 2841 erat,
770 2765 1015 2847 deprehenditur
1040 2778 1135 2851 atque
1159 2768 1249 2831 foras
1271 2767 1413 2846 eiicitur,
1438 2781 1475 2834 nt

142 2860 339 2926 Plutarchus
360 2860 390 2923 in
413 2857 575 2924 Cicerone
593 2872 624 2923 et
644 2856 785 2922 Caesare
805 2857 929 2922 scribit.
975 2857 1091 2924 Cicero
1112 2860 1144 2923 in
1163 2861 1258 2927 Orat.
1282 2864 1320 2926 de
1339 2865 1471 2945 harusp.

140 2974 293 3038 respons.
312 2976 381 3038 cap.
399 2955 453 3017 tt.
476 2954 535 3030 ait,
560 2953 646 3017 illum
668 2951 852 3028 ancillarum
871 2954 1028 3019 beneficio
1047 2954 1193 3020 emissum
1213 2977 1295 3021 esse.
1331 2958 1384 3021 'stt
1402 2957 1473 3022 vide

140 3048 238 3134 epist.
259 3049 311 3113 tt.
336 3060 367 3113 et
388 3061 555 3135 sequentes
575 3048 651 3111 libr.
676 3049 706 3112 1.
731 3048 771 3110 ad
792 3047 952 3111 Atticum.

279 3313 382 3377 Anno
402 3311 506 3376 Urbis
527 3313 701 3378 DCXCH.
725 3310 899 3378 Ciceronis
920 3314 1050 3379 XLVI.
1073 3332 1160 3377 coss.
1170 3311 1331 3404 ficerunt

193 3467 245 3543 M.
272 3464 459 3543 PUPIUS
486 3464 603 3545 PISO
630 3464 1048 3562 CALPURNMNUS,
1087 3465 1141 3540 M.
1167 3464 1419 3545 VALERIUS

593 3574 828 3653 MESSALA
853 3576 1021 3652 NIGER.

227 3744 271 3810 P.
287 3744 396 3810 Clodii
416 3743 561 3809 facinore
584 3743 764 3826 patefacto,
788 3765 806 3806 a
829 3742 1020 3828 Virginibus
1041 3755 1074 3808 et
1094 3746 1309 3810 Pontificibus
1330 3745 1361 3809 id
1382 3745 1470 3809 nefas

140 3850 191 3905 est
210 3841 393 3902 decretum:
419 3837 541 3904 Caesar
562 3838 673 3902 deinde
695 3839 790 3901 uxori
812 3834 955 3901 ntttitittm
974 3838 1094 3903 remisit
1112 3852 1144 3903 et
1159 3840 1307 3907 Clodium
1325 3839 1470 3903 trihttntts

139 3934 232 4017 pleb.
259 3932 436 4006 accusarit;
471 3943 601 3997 auctore
630 3930 808 3997 Plutarcho
837 3932 869 3995 in
899 3931 1049 3997 Caesare.
1100 3936 1332 3999 Accttsatorem
1363 3931 1472 3998 Clodii

141 4025 261 4094 Cicero
277 4028 316 4089 de
333 4027 466 4110 harttsp.
489 4047 639 4109 respons.
662 4046 735 4108 cap.
758 4027 811 4090 17.
829 4027 904 4106 (L.)
926 4028 1098 4091 Lenttdum
1122 4026 1277 4092 nominat.
1322 4025 1472 4091 Clodium

137 4121 254 4187 incesti
283 4120 414 4185 crimine
442 4143 460 4184 a
488 4120 591 4184 tribas
617 4119 762 4184 Lentulis
789 4131 969 4185 aestuatum
998 4120 1097 4186 luisse
1125 4120 1276 4186 Valerius
1304 4121 1381 4185 libr.
1404 4123 1469 4186 lV.

138 4237 214 4299 cap.
238 4217 271 4280 2.
300 4215 408 4279 tradit.
452 4217 503 4281 De
526 4213 634 4280 Clodii
661 4214 777 4280 indicio
805 4216 876 4279 vide
895 4215 990 4298 epist.
1014 4215 1067 4280 16.
1098 4216 1156 4280 lib.
1178 4218 1208 4281 1.
1240 4218 1280 4279 ad
1302 4218 1388 4280 Αῑῑ.ι
1431 4217 1471 4280 ln

136 4332 181 4376 eo
203 4311 257 4376 M.
281 4311 406 4375 Ttdlius
430 4309 520 4375 testis
541 4313 736 4393 productus,
767 4330 839 4373 cttm
863 4308 997 4375 Clodius
1019 4308 1138 4372 crimen
1160 4309 1205 4372 ita
1225 4299 1405 4389 refelleret,
1435 4323 1471 4375 nt

136 4403 280 4483 diceret,
303 4427 338 4472 te
361 4405 414 4470 illa
435 4417 531 4471 nocte
553 4425 617 4470 non
636 4405 776 4482 Romae,
796 4407 856 4469 aad
876 4405 973 4487 longe
992 4405 1033 4466 ab
1052 4404 1141 4468 Urhe
1162 4403 1363 4470 Interamnae
1386 4407 1471 4489 apud

178 4625 209 4689 1)
235 4622 308 4676 liena
330 4618 364 4674 de
387 4624 495 4673 taceam
513 4616 605 4672 laetas
624 4631 667 4672 est
685 4617 718 4671 P.
737 4613 852 4671 Cledlns
871 4629 1017 4668 accusante
1036 4616 1067 4668 L.
1087 4613 1220 4682 Lentulo,
1251 4615 1416 4672 defendente
1436 4617 1469 4672 C.

139 4698 262 4753 certene
281 4710 369 4770 parre.
410 4695 567 4751 Scholiasta
588 4693 659 4751 ldalt
679 4691 713 4747 ad
732 4706 802 4746 erat.
822 4697 853 4746 ta
872 4693 903 4747 P.
923 4687 1053 4745 Clodiam
1073 4705 1100 4745 et
1121 4690 1288 4748 Curionem:
1316 4697 1395 4748 crtus
1414 4692 1470 4745 fra·

142 4787 254 4846 guenta
284 4788 338 4825 nna
364 4787 429 4826 cnm
448 4771 521 4826 stau
540 4785 568 4825 et
586 4766 681 4827 Beierl
701 4782 839 4823 annotatt.
858 4781 933 4822 nnnc
954 4763 1123 4822 consulenda
1143 4782 1217 4824 snut.
1256 4770 1298 4825 De
1317 4784 1379 4824 rere
1397 4767 1470 4822 tndt·

142 4853 188 4905 ete
207 4848 346 4905 eroum
366 4845 417 4903 cir.
436 4849 522 4902 ettam
542 4843 680 4901 Tnnttallt
698 4842 853 4919 Epistulam
874 4862 902 4918 p.
916 4847 963 4904 28.
979 4857 1054 4914 seqq.
