3218 5310
150 235 210 295 me
551 194 601 291 si.
625 227 784 292 runnu
806 224 1056 292 nicanorus

151 370 381 443 Ernestianam,
405 379 468 431 turn
491 366 551 430 alia
572 366 691 448 scripta
707 367 897 432 Ciceronem
919 363 1119 431 illustrantia.
1163 365 1227 428 Sed
1250 361 1355 426 varias
1378 364 1457 425 cala·

150 467 271 528 mitates
294 484 444 545 perpessa
467 473 513 524 est
535 472 601 523 tota
624 461 700 522 haec
721 483 811 537 cura,
836 461 970 544 primum
993 481 1063 523 cum
1086 460 1338 540 deperderentur
1361 457 1459 520 Gara·

148 560 228 623 100ὶί
243 557 460 621 annotationes
476 557 514 616 ad
530 575 645 617 00000
662 555 848 618 Orationum
872 555 1038 628 volumen,
1062 551 1173 615 deinde
1193 573 1265 614 cum
1280 548 1459 614 decoxisset

150 655 332 731 redemptor
370 653 512 732 adeoque
548 649 587 710 ab
624 647 749 731 incepto
779 648 928 710 desistere
959 658 1087 710 coactus
1118 657 1227 708 esset.
1268 643 1460 708 Prodierunt

155 745 382 813 11011018.
426 741 554 818 Officia,
580 740 679 816 Cato,
704 743 832 806 Laelius
854 755 884 805 01
907 743 1088 805 Paradoxa.
1127 741 1170 802 Τ.
1194 739 1334 801 3-11.
1381 737 1459 800 Ora·

153 839 256 903 tiones
271 860 370 920 usqne
386 841 424 899 ad
435 838 654 911 Pisonianan13
678 835 794 920 itaque,
819 858 889 898 0010
910 846 1022 917 postca
1044 832 1213 915 separatim
1235 832 1338 896 editae
1360 842 1460 895 essem

151 933 329 996 Miloniana
352 942 384 994 et
406 931 618 1013 Philippicae,
650 932 745 994 latent
767 931 867 991 adlntc
888 926 1069 1013 Bononiae,
1099 947 1179 1010 quae
1208 925 1404 1008 conscripsit
1429 924 1457 988 ia

149 1026 350 1110 Ligarianam
374 1035 405 1088 et
426 1022 676 1089 Deiotarianam.
722 1025 942 1088 Τ.11.-11.
987 1023 1073 1103 Epp.
1102 1022 1143 1083 ad
1163 1020 1302 1097 Famil.;
1336 1021 1370 1083 in
1391 1018 1458 1103 qui·

148 1123 206 1182 bus
228 1131 262 1181 01
283 1119 312 1180 10
337 1116 456 1181 Officiis
480 1132 510 1180 et
532 1118 563 1180 iu
587 1118 769 1183 Rhetoricis
792 1118 894 1181 nullae
917 1129 989 1180 sunt
1011 1116 1176 1180 Garatonii
1199 1126 1323 1198 partes.
1349 1115 1393 1176 T.
1407 1112 1457 1175 it.

147 1213 322 1277 Rhetorica
350 1215 389 1274 ad
420 1212 628 1293 Herennium.
680 1215 723 1276 T.
754 1212 805 1276 et.
861 1212 911 1276 De
941 1209 1121 1275 inventione
1154 1220 1186 1273 et
1216 1211 1253 1272 de
1283 1216 1357 1291 001.
1390 1225 1457 1290 gen.

147 1319 324 1371 oraturum.

227 1399 256 1451 *
277 1437 320 1449 —-
341 1423 444 1488 opera
466 1402 508 1469 ad
536 1405 676 1489 optimus
703 1404 866 1469 editiones
894 1405 1026 1470 collata.
1066 1401 1296 1468 Praemittltnr
1321 1401 1396 1464 vita
1419 1417 1460 1464 ex

143 1496 315 1564 Plutarchi
341 1499 471 1564 Graeco
498 1499 617 1563 [satine
648 1496 779 1563 redditu
810 1517 882 1563 eum
911 1497 1029 1562 notitia
1057 1497 1229 1561 litteraria
1282 1491 1460 1560 Accedunt

142 1591 285 1659 ludices
327 1587 455 1656 Studiis
472 1593 643 1657 societatis
664 1591 873 1674 Bipoutinae.
915 1589 1027 1670 Editio
1048 1592 1214 1655 accurata.
1243 1589 1401 1673 Bipuuti,
1418 1604 1459 1651 ert

144 1689 227 1771 typo
253 1681 800 1769 00011000010101101780-87.
845 1682 894 1750 18
916 1685 991 1750 Vol.
1013 1683 1047 1746 8.
1105 1743 1106 1747 ,

264 1795 319 1835 000
334 1772 502 1836 Editores:
547 1775 617 1854 „Ut
639 1783 779 1848 textum,
804 1784 952 1855 quantum
972 1771 1042 1834 lieri
1061 1781 1184 1852 potest,
1207 1771 1373 1833 emendate
1387 1770 1456 1832 red·

145 1869 310 1939 daremus,
334 1886 373 1927 ex
396 1860 491 1929 sociis
515 1867 600 1929 illum
624 1868 763 1929 Externa
792 1878 902 1930 noster
924 1869 1026 1929 denuo
1049 1865 1180 1928 contulit
1210 1884 1282 1926 curu
1311 1863 1456 1926 nitidiora

144 1961 195 2023 illa
211 1961 396 2034 Alemanni,
420 1960 561 2034 Aldinis,
586 1959 772 2043 praesertim
797 1962 897 2034 1519,
924 1958 1108 2042 Gryphiana
1124 1958 1225 2032 1560,
1250 1955 1456 2020 Lambiniana

146 2056 239 2129 1577,
265 2055 463 2119 Gruterianis
485 2056 628 2139 aliisque.
670 2056 718 2118 lta
740 2053 988 2138 quamplurima
1011 2051 1084 2116 vitia
1100 2071 1270 2135 operarum
1287 2051 1457 2127 emendata,

145 2146 265 2211 rectior
294 2168 392 2233 eaque
423 2161 569 2212 constans
591 2149 747 2213 scribendi
769 2150 852 2211 ratio
878 2148 1022 2225 inducta,
1052 2145 1267 2227 interpunctio
1289 2144 1322 2207 in
1352 2143 1457 2208 melius

146 2241 285 2317 directa,
320 2241 409 2304 multi
431 2243 494 2306 loci
516 2265 556 2306 ex
579 2243 760 2306 melioribus
782 2243 886 2316 Edd.,
920 2240 949 2302 in
980 2239 1093 2324 quibus
1123 2259 1219 2319 saepe
1240 2237 1454 2311 inveniuntur,

144 2356 273 2416 quaese
290 2335 456 2398 Ernestius
478 2335 631 2418 suspicari
646 2337 706 2410 ait,
729 2335 840 2398 sanati.
884 2332 973 2396 Nibil
988 2333 1204 2407 coniecturae,
1229 2352 1325 2414 quam
1341 2331 1454 2405 110001,

144 2448 248 2490 novae
272 2429 376 2489 datum
398 2439 461 2500 est;
483 2430 540 2490 sed
554 2439 674 2504 textus,
701 2428 823 2511 qualem
840 2429 967 2503 damus,
992 2425 1184 2508 optimorum
1199 2423 1360 2487 librorum
1372 2425 1453 2489 bona

144 2520 312 2583 coniuncta
336 2521 462 2584 hahet.”
486 2553 526 2564 --
548 2523 618 2584 Nec
639 2533 742 2584 tamen
758 2523 819 2584 ulla
837 2524 954 2605 gaudet
968 2520 1175 2594 attctoritate,
1199 2540 1295 2602 qrtam
1310 2529 1454 2600 exparte

142 2613 251 2674 saltem
275 2613 481 2686 obtinuisset,
506 2614 533 2676 si
555 2616 741 2679 Editoribus
763 2616 946 2679 varietatem
969 2614 1187 2677 Ernestiauam
1208 2611 1370 2676 subiicere
1392 2615 1456 2695 plt-

143 2706 270 2768 cuisset.
317 2705 427 2770 Clavis
449 2709 556 2789 parrllo
579 2707 702 2771 auctior
724 2722 771 2772 est
794 2710 996 2773 Ernestiana.

220 2836 262 2852 —-
286 2823 388 2890 opera
409 2805 588 2872 seeundum
610 2809 749 2890 optimas
771 2811 1031 2892 novissimusque
1047 2807 1219 2873 editiones.
1252 2804 1452 2870 Mannhenll

139 2898 322 2981 sumptibus
339 2894 521 2965 Societatis
542 2891 709 2980 (holder)
736 2898 956 2966 tran-aa.
999 2897 1053 2966 20
1073 2901 1148 2966 Vol
1169 2901 1204 2964 8.

227 2986 336 3050 Editio
358 3008 491 3068 prorsus
510 2993 737 3051 contemnenda
760 3002 791 3052 et
813 2990 926 3053 nullius
948 3012 1036 3054 usus.

222 3073 359 3169 61·-
379 3083 498 3170 Opera
540 3082 620 3152 (lum
649 3086 810 3155 indicibus
834 3092 870 3153 et
895 3091 998 3154 varsss
1022 3089 1229 3155 lectionibus.
1272 3085 1452 3171 0xonli,e

139 3174 699 3328 10000001000010010001788.
744 3179 887 3247 101101.
908 3180 943 3245 4.
977 3200 981 3207 ’

260 3270 332 3330 abet
354 3269 459 3338 varias
474 3269 563 3330 lectt.
581 3290 620 3330 ex
636 3269 675 3332 89
693 3267 800 3339 Codd.
812 3272 850 3331 ab
868 3268 1009 3333 Hearnio
1034 3269 1107 3333 olim
1123 3269 1267 3346 collatis,
1292 3272 1335 3333 at
1349 3269 1451 3335 Codd.

142 3358 299 3422 variarum
315 3361 578 3425 bibliothecarum
594 3361 825 3427 Oxouiensium
850 3374 881 3425 et
902 3364 1026 3426 duobus
1041 3362 1301 3426 Eboracensihus
1317 3384 1334 3426 a
1350 3362 1452 3427 nescio

146 3474 210 3537 quo
234 3453 398 3517 collectas.
443 3455 580 3520 Codices
602 3456 665 3537 ipsi
687 3457 871 3537 plerumque
887 3455 1001 3530 Italici,
1024 3453 1227 3532 recentiores,
1252 3456 1363 3540 exigui
1382 3474 1453 3538 pre·

140 3547 191 3620 tii,
215 3547 401 3609 collationes
429 3549 515 3610 baud
544 3548 634 3611 nimis
665 3559 829 3609 accuratae
856 3559 940 3610 sunt.
986 3549 1023 3610 ln
1045 3560 1197 3613 contextu
1216 3549 1366 3633 sequitur
1386 3548 1452 3616 Oli-

141 3652 246 3701 vetum
280 3639 403 3702 omissis
433 3638 500 3703 eius
530 3639 791 3717 Commentariis,
829 3640 884 3725 qui
913 3652 1025 3722 postea
1055 3641 1101 3704 sic
1133 3640 1229 3704 additi
1257 3652 1352 3704 sunt:
1388 3643 1450 3706 Ios.

143 3732 262 3796 Oliveti
285 3732 423 3795 delectus
445 3735 740 3798 commentariorum
763 3734 794 3796 in
818 3736 871 3798 M.
896 3735 994 3798 Tullii
1023 3733 1187 3799 Ciceronis
1216 3756 1316 3818 opera
1338 3735 1449 3801 omnia.

143 3825 282 3902 Oxonii,
308 3827 450 3906 Talboys
474 3828 568 3889 tait.
613 3830 644 3890 1.
689 3827 837 3890 Varietas
860 3827 966 3892 Codd.
998 3828 1129 3892 Oxonn.
1160 3828 1330 3892 admodum
1352 3826 1451 3911 negli-

143 3932 254 4002 genter
276 3921 409 4002 repetita
431 3933 498 3984 est:
534 3921 652 3983 Variae
668 3919 820 3985 lectiones
843 3944 883 3985 ex
899 3923 950 3984 Μ.
968 3921 1066 3985 Tullii
1083 3920 1453 3988 Ciceronis'editionihus

142 4014 316 4077 Oxoniensi
350 4025 382 4076 01
409 4015 618 4095 Neapolitana
651 4014 838 4096 descriptae.
892 4015 1048 4079 Editionis
1082 4016 1289 4080 Ernestianae
1320 4012 1450 4080 'minoris

141 4109 405 4188 supplementum.
449 4109 569 4197 Halae,
600 4107 632 4169 in
655 4107 729 4170 libr.
753 4108 951 4190 Orphanotr.
985 4109 1221 4173 teta-1830.
1264 4109 1388 4173 avot.
1419 4108 1450 4170 8.

143 4199 277 4263 Curavit
300 4202 412 4287 Regis.

220 4309 242 4369 Ε
263 4291 291 4346 'l
311 4335 354 4345 -
376 4320 487 4386 opera.
528 4299 585 4364 Ad
607 4303 748 4386 optimos
774 4302 877 4368 libros
900 4286 1089 4387 recensuit,
1113 4300 1452 4367 ammadverstonttm

136 4392 306 4474 instruxit,
328 4394 455 4460 1011000
476 4399 510 4459 01
532 4396 664 4461 lexicon
685 4392 935 4462 ciceronianum
954 4394 1081 4462 addidit
1102 4393 1312 4461 Christianus
1337 4393 1451 4460 Daniel

136 4483 291 4549 Beckius.
324 4487 473 4574 Lipsiae,
493 4492 625 4571 sumptu
643 4488 683 4552 Ε.
694 4488 733 4552 Β.
744 4485 968 4554 Seltwickerti
988 4483 1265 4555 latta-1802.
1286 4488 1399 4554 dvol.
1419 4486 1452 4551 8.

223 4575 297 4636 Non
319 4577 459 4639 continet
481 4577 539 4640 nisi
556 4576 726 4640 Orationes
748 4599 848 4660 usque
870 4580 909 4641 ad
931 4589 1013 4642 orat.
1036 4579 1073 4640 de
1095 4576 1296 4658 haruspicum
1319 4597 1451 4660 respon·

139 4663 202 4726 sis:
227 4669 379 4751 adquam
403 4693 471 4733 cum
494 4673 708 4753 pervenisset,
732 4682 766 4732 01
786 4673 910 4734 solebat
926 4672 1080 4748 Bechius,
1105 4682 1203 4735 totam
1227 4694 1336 4735 curam
1358 4691 1451 4754 aepo-

138 4760 213 4825 suit.
247 4762 308 4825 Est
330 4762 404 4826 utile
425 4766 642 4848 compendium
665 4767 802 4829 omnium
824 4787 927 4848 prope
951 4787 1071 4839 aarum,
1094 4786 1175 4850 quae
1195 4776 1273 4831 1000
1287 4767 1453 4833 exstabant

139 4875 286 4920 curarum
308 4854 487 4921 criticarum
508 4880 572 4922 non
594 4858 661 4923 aine
683 4859 819 4943 proprio
840 4859 957 4925 iudicio
979 4859 1196 4943 compilatum.
