3218 5310
144 247 185 311 64
565 246 618 309 Μ.
643 242 807 309 TULLII
831 241 1083 310 CICERONIS

144 387 340 452 ests‘deinde
358 386 471 451 iterum
494 385 528 450 in
550 387 644 449 altum
665 386 828 468 proiectus
843 385 1078 466 Dyrrhachium
1094 383 1252 468 pervenit.
1290 386 1378 463 Ubi,
1400 408 1471 453 cnm

144 504 162 545 e
187 481 258 545 nari
281 481 313 545 in
337 494 454 546 terram
476 501 663 566 egressurus
683 492 781 554 esset,
806 491 911 542 terrae
935 493 1053 544 motum
1075 492 1106 542 et
1121 481 1473 547 marisconrulsionem

146 574 304 639 exstitisse
325 574 452 650 lerunt3
486 577 567 637 unde
588 573 770 655 haruspices
792 573 1020 648 coniiciebant,
1045 572 1128 637 illius
1150 573 1294 637 exsilium
1317 596 1384 639 non
1400 574 1473 641 fore

37 712 40 721 -
147 668 348 744 diuturnum,
372 670 459 753 qirod
482 669 561 731 baec
583 666 763 731 mutationis
787 666 875 752 signa
895 678 1009 730 essent.
1049 669 1139 730 Haec
1155 668 1348 732 Plutarchus
1372 690 1408 733 c.
1417 670 1471 733 33.

82 846 86 851 Ι
145 764 348 847 Dyrrhachio
393 763 513 849 aliquot
555 762 674 826 dierum
715 761 795 824 viam
839 761 869 823 in
902 761 1126 825 Macedoniam
1172 764 1211 823 ad
1245 756 1472 849 Planciumqp's

144 858 288 941 perrexit
312 869 343 920 et
364 876 433 919 crim
457 877 496 920 eo
520 853 780 919 Thessalonicam
803 856 850 918 X.
875 854 1012 937 Kalend,
1036 854 1144 918 lunias
1165 854 1269 930 venit3
1292 877 1356 939 pro
1377 856 1473 922 Plen-

145 953 196 1018 cio
220 973 293 1034 cap.
315 952 365 1016 ll.
389 962 420 1013 ct
442 949 537 1033 epist.
559 950 591 1014 8.
612 949 670 1014 lib.
687 950 753 1014 111.
778 953 816 1011 ad
838 952 910 1015 Att.
956 948 1204 1012 Thessalonicae
1229 947 1293 1013 Cn.
1318 951 1471 1015 Plancius

144 1068 199 1110 sisa
230 1044 416 1109 liberalitate
440 1042 630 1109 Ciceronem
659 1064 719 1126 per
748 1064 870 1106 menses
892 1052 1013 1124 septem
1041 1041 1181 1105 retinnit.
1226 1043 1302 1123 Quo
1325 1054 1471 1128 tempore

142 1141 250 1225 plures
280 1139 430 1222 epistolas
458 1139 497 1200 ad
521 1137 662 1202 Atticum
685 1136 828 1218 scripsit,
859 1158 940 1221 quae
969 1136 1026 1200 lib.
1055 1136 1120 1201 Ill.
1151 1138 1192 1199 ab
1220 1149 1336 1203 octava
1369 1158 1468 1226 usqne

143 1237 183 1296 ad
210 1235 263 1297 33.
291 1233 454 1317 leguntur.
499 1232 630 1296 Interim
655 1230 698 1312 Q.
725 1229 861 1305 Cicero,
892 1253 963 1294 cum
990 1229 1274 1325 iamAsiamper
1299 1232 1467 1297 trienninm

145 1327 355 1400 obtinuisset,
381 1328 419 1390 de
439 1326 605 1409 provincia
628 1337 698 1387 ante
721 1324 796 1387 Kal.
821 1324 925 1387 Maias
948 1323 1103 1399 decessit;
1134 1320 1228 1406 epist.
1253 1326 1297 1389 9.·
1318 1326 1377 1390 lib.
1400 1326 1466 1392 lli.

137 1424 182 1484 ad
204 1424 275 1486 mn
318 1421 464 1483 fratrem
488 1420 649 1503 aliquanto
678 1428 753 1501 post
779 1439 869 1480 suarm
894 1419 1063 1481 discessum
1087 1439 1127 1480 ex
1149 1417 1317 1501 provincia
1343 1420 1467 1485 venism

102 1540 105 1547 ¹
143 1516 186 1579 ait
208 1535 270 1597 pro
294 1517 389 1576 domo
412 1532 484 1595 cap.
507 1513 582 1586 33.;
609 1509 752 1574 meminit
779 1531 908 1595 qnoque
937 1511 969 1574 in
992 1510 1134 1575 Sestiana
1160 1534 1233 1595 cap.
1256 1514 1311 1578 31.
1355 1514 1467 1600 Itaque

143 1609 199 1672 M.
225 1606 345 1673 Cicero
367 1607 478 1671 Idibus
501 1604 599 1670 latniis
621 1608 750 1668 adeum
774 1603 858 1668 misit
881 1603 974 1687 epist.
998 1605 1030 1668 3.
1061 1605 1118 1669 lib.
1139 1606 1170 1670 1.
1197 1618 1229 1670 et
1250 1609 1402 1693 deinceps
1420 1628 1469 1673 se·

143 1714 303 1786 quentem.
350 1699 465 1765 'sertio
485 1701 574 1765 Nou.
593 1699 733 1763 Octobr.
754 1698 982 1762 Thessalonica
999 1700 1038 1762 ad
1057 1699 1239 1765 Terentiam
1256 1721 1396 1767 uxorem
1413 1701 1469 1767 mi·

141 1797 183 1859 sit
212 1794 306 1878 epist.
331 1794 363 1857 3.
390 1794 448 1858 lib.
475 1794 576 1858 xlv.
605 1795 644 1856 ad
671 1793 786 1857 Famil.
839 1792 1017 1856 Redeamus
1049 1814 1132 1857 nunc
1163 1798 1203 1858 ad
1237 1808 1305 1859 acta
1337 1798 1469 1861 urbana.

143 1889 303 1955 Cicerone
332 1889 469 1971 expulso
500 1886 633 1952 Clodius
663 1889 767 1971 legem
790 1885 1010 1970 promulgavit
1031 1888 1070 1949 de
1095 1888 1284 1952 Ptolemaeo
1306 1908 1388 1974 rege
1406 1886 1471 1969 Cy·

141 1983 211 2066 pri,
241 1995 274 2046 ut
299 1984 383 2046 bona
408 1983 474 2047 eins
498 1982 738 2064 publicarentur
760 1991 792 2043 et
810 2000 943 2065 regnum
966 1979 997 2043 in
1020 1981 1205 2062 provinciae
1228 1981 1368 2046 formam
1386 1979 1471 2045 redi·

143 2088 292 2162 geretur-3
330 2077 426 2160 idque
459 2074 622 2160 negotium
650 2078 704 2139 M.
734 2072 852 2138 Catoni
886 2076 1063 2137 illaudatum
1093 2087 1159 2138 est:
1193 2094 1260 2159 qim
1284 2077 1326 2139 de
1351 2074 1469 2141 Cicero

142 2191 252 2252 saepe,
269 2171 460 2234 Plutarchus
475 2169 505 2231 in
522 2168 660 2244 Catone,
677 2167 843 2251 Appianns
858 2166 915 2230 lib.
929 2168 975 2231 11.
991 2186 1023 2229 c.
1037 2168 1089 2231 33.
1106 2169 1171 2233 Dio
1187 2169 1243 2233 lib.
1256 2168 1466 2245 xxxvut,

143 2285 174 2326 c.
194 2264 248 2326 30.
285 2262 361 2326 Kal.
378 2262 493 2335 luniis,
517 2273 551 2325 nt
571 2274 618 2324 est
635 2262 666 2324 in
683 2272 768 2324 orat.
792 2280 855 2343 pro
872 2263 977 2326 Sestio
997 2283 1066 2344 cap.
1079 2262 1132 2325 37.
1146 2284 1234 2348 serp,
1260 2264 1403 2328 decrevit
1420 2282 1469 2327 se-

142 2450 233 2516 mio¹
263 2451 393 2513 tribuno
420 2449 508 2531 pleb.
552 2449 738 2514 Intercessit
763 2449 875 2512 Aelius
896 2447 1012 2533 Ligus.
1057 2451 1231 2534 Pompeius
1258 2448 1390 2534 quoqne
1413 2448 1470 2515 illo

142 2552 288 2627 tempore
316 2565 350 2606 se
380 2563 549 2620 accusans,
584 2554 620 2605 ut
641 2544 833 2607 Plutarchus
861 2563 892 2604 c.
917 2543 970 2606 33.
1001 2542 1131 2621 scribit,
1166 2546 1253 2628 quod
1277 2542 1468 2610 cicerem

142 2637 353 2720 prodidisset,
378 2640 417 2700 de
438 2637 521 2700 illius
543 2637 646 2700 reditu
669 2636 839 2699 amicorum
864 2656 961 2718 opera
982 2636 1108 2700 adiutus
1130 2658 1228 2723 agere
1250 2637 1373 2722 coepit.
1403 2638 1468 2703 Re·

143 2733 274 2797 sistente
305 2730 424 2797 Clodio
454 2731 573 2813 placuit
600 2730 722 2795 senatui
744 2730 821 2793 nihil
843 2729 875 2794 in
897 2751 933 2792 re
955 2730 1081 2813 publica
1104 2734 1294 2808 decernere,
1325 2732 1471 2797 unitate

141 2846 313 2912 reagere,
342 2825 401 2888 nisi
424 2824 543 2891 Cicero
566 2828 605 2888 ab
628 2824 740 2888 exsilio
761 2835 983 2889 revocaretur.
1028 2827 1113 2890 Hinc
1136 2825 1253 2892 Cicero
1274 2846 1339 2909 pro
1361 2823 1467 2903 Sestio

147 2920 316 3002 cap.31.:
347 2920 475 2984 Omnia
501 2932 642 2983 senatus
667 2919 858 2992 reiieiebot,
888 2918 955 2982 uisi
985 2919 1027 2982 de
1054 2942 1108 2983 me
1134 2920 1290 3003 primum
1313 2920 1469 2985 comata

145 3013 378 3087 rettrdissentr
407 3025 439 3077 et
459 3014 489 3078 in
513 3013 663 3080 Pisonem
686 3035 757 3096 cap.
782 3014 853 3077 13.;
883 3015 939 3077 Αη
964 3024 1039 3076 tum
1058 3015 1167 3077 erotis
1186 3016 1361 3092 consules,
1395 3032 1471 3079 eren

141 3128 342 3192 quocunqne
360 3108 402 3171 de
424 3123 462 3171 re
481 3108 621 3171 verbnm
628 3104 760 3197 facere
788 3107 978 3188 coeperatis
994 3118 1058 3170 ont
1075 3104 1212 3197 efferre
1233 3108 1281 3171 od
1298 3120 1469 3185 semu,

142 3211 285 3263 cernetur
306 3202 394 3266 ordo
416 3202 624 3265 reclamabat
645 3202 908 3286 ostendebatque
932 3201 1018 3265 nihil
1037 3222 1112 3265 esse
1133 3223 1192 3267 vos
1213 3214 1375 3280 acturos,
1406 3202 1471 3269 miti

139 3293 242 3378 priua
263 3295 305 3357 de
328 3316 381 3361 me
402 3296 649 3360 rettulissetis?
691 3297 741 3359 De
763 3300 870 3360 eadem
894 3317 928 3357 re
952 3295 1023 3358 vide
1049 3295 1143 3379 epist.
1167 3296 1219 3359 33.
1250 3295 1401 3363 libili.
1429 3296 1470 3363 ed

143 3389 217 3451 Att.
261 3386 366 3451 luitur
388 3390 499 3453 deinde
521 3389 684 3452 consilium
707 3391 746 3452 de
768 3387 896 3453 interitu
921 3388 982 3454 Cn.
1005 3388 1169 3472 Pompeii,
1199 3389 1243 3452 ait
1263 3388 1387 3457 Cicero
1407 3408 1468 3475 pre

143 3481 248 3547 Sestio
269 3503 341 3565 cap.
356 3482 408 3546 33.
421 3505 430 3556 3
454 3504 546 3565 quiam
561 3504 628 3546 rem
644 3483 805 3547 Asconius
819 3483 856 3546 in'
866 3483 1074 3548 Milonianam
1097 3504 1169 3567 cap.
1184 3487 1236 3549 ld.
1250 3484 1299 3548 sic
1314 3483 1466 3569 exponit:

142 3580 229 3644 Cum
249 3579 317 3642 111.
340 3575 426 3643 Idus
447 3579 546 3641 Sext.
569 3575 753 3659 Pompeius
779 3578 816 3640 in
843 3590 1001 3642 senmnm
1025 3578 1189 3655 venisset,
1218 3578 1348 3645 dicitur
1371 3600 1470 3647 urse

141 3674 181 3737 P.
200 3670 313 3739 ctodit
333 3669 441 3734 sicam
459 3669 648 3744 excidisse,
672 3692 779 3755 eaque
799 3672 846 3734 ad
859 3673 1044 3738 Gabinium
1065 3676 1240 3738 consulem
1256 3674 1393 3754 dataro,
1417 3676 1468 3741 dr·-

141 3777 236 3846 ctum
254 3775 326 3839 est,
355 3785 454 3828 seruo
475 3763 682 3848 imperatum
702 3785 725 3827 n
745 3769 784 3830 P.
809 3767 944 3843 Clodio,
972 3778 1012 3830 ret
1033 3768 1217 3851 Pompeius
1238 3769 1465 3837 occideretur.

141 3859 325 3943 Pompeius
338 3857 457 3922 statim
471 3858 612 3922 domum
625 3859 740 3933 rediit,
757 3871 791 3922 et
804 3884 852 3924 ex
865 3884 905 3924 eo
919 3883 955 3924 se
969 3860 1063 3925 domi
1074 3863 1202 3935 tennit,·
1224 3873 1255 3926 et
1272 3862 1393 3929 Cicero
1408 3884 1469 3948 pro

142 3952 268 4016 Milone
290 3974 321 4016 c.
340 3955 391 4016 im
416 3953 687 4035 Comprehensos
710 3964 761 4017 est
781 3952 816 4016 in
835 3957 961 4037 templo
979 3957 1135 4020 Castoris
1152 3977 1270 4023 sereres
1288 3960 1328 4023 P.
1345 3958 1468 4033 Clodii,

143 4046 320 4128 puemitia
345 4045 394 4109 nd
418 4049 457 4110 C.
478 4046 679 4128 Pompeium
699 4046 978 4125 interficiendum
1002 4050 1201 4114 collocarat.
1245 4054 1404 4116 Extorto
1422 4062 1473 4117 est

142 4138 324 4217 confitenti
352 4139 426 4204 sica
453 4140 495 4203 de
525 4140 701 4213 ancuibnsr
728 4140 842 4204 carnit
866 4139 955 4231 soro
976 4142 1158 4226 Pompeius
1178 4156 1325 4226 postea,
1358 4144 1473 4211 currit

141 4242 283 4307 senatu,
305 4232 419 4296 carnit
437 4233 588 4317 publico.
626 4234 701 4297 Huc
722 4234 859 4316 pertinet
880 4235 958 4298 illud
973 4236 1136 4301 Paradox.
1156 4238 1234 4302 1v.:
1259 4239 1351 4303 Ante
1370 4258 1472 4305 semu·

141 4337 217 4388 tum
235 4336 299 4389 tna
317 4327 392 4391 sica
413 4328 626 4410 deprehensa
644 4339 717 4401 est:
748 4341 780 4392 et
797 4329 828 4393 in
851 4330 1001 4395 Pisonem
1029 4350 1101 4413 cap.
1125 4332 1196 4395 12:
1229 4334 1471 4415 nepa-atamen

142 4439 221 4481 cnm
238 4415 344 4507 ferro
372 4422 419 4484 nd
438 4432 595 4485 senatum
618 4421 669 4497 is,
703 4444 804 4507 quem
827 4423 874 4485 cd
894 4428 956 4489 Cn.
980 4423 1180 4507 Pompeium
1203 4425 1470 4493 mrerimendnn

141 4513 346 4576 collocatum
359 4512 485 4604 fnisse
507 4517 697 4581 constabat.
731 4516 879 4580 Meminit
900 4516 994 4581 etiam
1017 4538 1079 4600 pro
1102 4521 1197 4582 domo
1219 4538 1250 4582 e.
1266 4518 1320 4583 35.
1343 4520 1468 4602 Quarto

142 4603 219 4668 Kal.
242 4605 446 4672 Novembres
469 4621 545 4675 octo
566 4610 684 4675 tribuni
706 4610 794 4693 pleb.
817 4611 855 4674 de
878 4608 1045 4677 Ciceronis
1071 4610 1174 4675 reditu
1195 4610 1299 4697 legem
1321 4612 1468 4697 promul·

180 4805 211 4879 1)
229 4802 296 4879 Lep.
315 4802 348 4860 L.
367 4803 484 4861 Ntunin.
