3218 5310
37 218 40 243 ³
136 196 200 261 181
482 242 483 246 ,
656 192 700 258 Ρ.
728 188 947 255 LAZERUS

136 345 308 420 apparent,
334 345 428 417 atque
448 332 497 396 his
519 333 668 415 Minatus
691 336 845 418 quaedam
866 341 1033 414 praeterea
1053 326 1201 411 reponit;
1233 337 1273 390 nt
1295 347 1378 411 pag.
1404 325 1474 392 515.

137 451 211 493 etum
238 426 495 510 reprehendisset
522 424 707 490 Perioninm
738 425 931 501 Lambinus,
961 427 1048 507 quod
1076 422 1231 497 dixisset;
1264 423 1406 483 sueones
1427 443 1477 483 aa·

137 526 219 602 aire,
243 521 404 585 scribens:
429 517 488 580 boo
510 516 658 607 loquendi
674 541 775 605 genus
796 520 941 583 manum
962 537 1030 579 esse
1050 537 1115 578 non
1131 527 1224 601 puto,
1249 511 1373 576 nedum
1398 510 1476 575 Cice·

138 619 321 695 rontitnum5
350 637 443 678 mana
466 613 590 678 Mureti
620 614 773 696 scriptum
794 606 974 676 invenitur:
1008 606 1197 696 Quintiliani
1216 620 1267 670 est
1288 617 1324 668 et
1348 603 1437 668 Celsi
1452 619 1479 667 et

137 706 241 775 Plim'i
259 720 293 773 et
313 706 421 772 Ori'dii
440 718 472 770 et
490 706 647 787 Suetonii,
679 707 739 771 alia
762 729 856 769 mann
880 726 975 783 vero,
1010 704 1040 766 in
1063 723 1125 789 qua
1147 701 1349 766 Lambinum
1374 700 1478 764 videre

131 801 215 868 ,mibi
236 802 368 867 videor:
390 798 467 889 quid
480 811 542 862 aim
552 811 686 885 postea,
708 797 855 862 Marete?
875 799 967 874 hinc,
989 797 1113 863 Mureti
1128 808 1214 861 certe
1230 817 1350 861 mann:
1376 794 1478 882 Sequi·

139 905 205 978 tur,
226 899 287 959 etsi
308 894 544 962 Ciceronianam
565 905 713 974 nonest,
735 893 881 958 Latinum
903 904 1006 956 minen
1025 913 1113 977 esse,
1145 888 1234 980 quod
1253 901 1288 953 tte
1309 900 1411 952 anteo
1431 910 1478 949 ne·

137 1007 281 1073 gaveras.
560 1041 564 1047 .
743 1060 746 1068 ⁸

224 1084 258 1147 5.
303 1083 399 1148 Anno
423 1084 518 1148 1559.
542 1105 612 1146 ceum
633 1085 743 1147 Lucae
765 1095 849 1147 esset
869 1079 1064 1156 Lambinus,
1097 1080 1253 1142 credebat
1276 1077 1376 1140 brevi
1395 1076 1477 1153 sore,

138 1185 176 1240 nt
206 1177 342 1242 Romam
375 1191 459 1240 eutius·
475 1176 641 1243 Cardinali
670 1177 948 1260 proficisceret11r3
975 1186 1150 1260 propterea
1180 1168 1286 1261 qnod,
1328 1174 1399 1253 ait,
1433 1172 1480 1236 liic

140 1266 294 1355 Pontifex
314 1293 397 1359 aqua
418 1276 634 1350 intercutem,
665 1267 772 1333 morbo
801 1266 970 1332 insanabili
988 1270 1178 1354 praeseptim
1204 1270 1239 1326 in
1262 1287 1359 1347 sene,
1398 1267 1480 1351 affli-

141 1372 209 1424 caer
229 1374 263 1424 et
274 1385 381 1449 paene
401 1363 578 1450 consectus,
601 1362 696 1428 resellis
717 1363 950 1428 medicamentis
971 1366 1105 1424 eacimri
1124 1384 1182 1425 nec
1199 1367 1346 1423 recreari
1356 1373 1479 1446 potest:

140 1461 230 1541 quod
252 1480 363 1522 verum
385 1458 463 1534 suit;
492 1460 626 1524 decessit
648 1459 730 1523 enim
753 1461 872 1524 Paulus
896 1460 961 1523 IV.
985 1461 1096 1521 eodem
1119 1477 1203 1520 anno
1227 1457 1314 1519 XV.
1342 1456 1479 1519 Kalend.

144 1553 346 1636 septembr„
380 1565 414 1616 nt
442 1553 589 1616 diximus.
641 1556 716 1617 Hoc
749 1575 878 1638 quoque
905 1551 1079 1615 Lambinus
1112 1549 1145 1612 in
1174 1547 1387 1638 praefatione
1417 1549 1480 1613 siae

143 1646 282 1730 epistola
303 1648 357 1713 iila
379 1652 419 1713 ad
441 1647 640 1712 Cardinalem
663 1646 864 1712 Trirnonium
886 1646 1001 1722 tradit,
1032 1655 1204 1729 postquam
1228 1647 1398 1728 adaquas
1419 1645 1482 1707 Lu·

144 1759 255 1805 censes
277 1741 403 1805 venisse
433 1762 503 1805 eum
534 1740 628 1805 dixit:
660 1737 765 1823 „tlte
793 1740 913 1825 inquit,
943 1759 1011 1800 cum
1032 1735 1072 1799 de
1093 1734 1262 1821 Pontficir
1283 1736 1382 1800 atae.
1404 1734 1481 1801 obitu

143 1836 259 1899 cernor
267 1832 504 1919 summersos,
529 1831 641 1922 tibique
662 1838 831 1914 instarent,
854 1854 918 1894 non
938 1830 1039 1894 solum
1061 1835 1122 1910 tui,
1145 1852 1254 1892 verum
1277 1836 1377 1893 eti'ezm
1391 1829 1483 1894 ebeni

144 1935 180 1993 et
197 1936 301 1992 maten
323 1933 368 1992 tui
386 1933 610 2008 ansuntitsimi,
635 1940 669 1990 at
688 1928 820 1990 Romam
841 1925 887 1990 od
908 1924 1042 1989 Comitio
1058 1923 1231 2007 Pontificio
1254 1931 1343 1986 nrari
1361 1938 1480 1987 conten·

144 2017 238 2083 deres
267 2023 362 2105 (nam
391 2037 419 2086 te
448 2035 530 2085 terro
558 2027 619 2084 iter
634 2020 751 2107 secere
777 2019 910 2086 arlaersa
939 2032 992 2082 tua
1020 2016 1162 2086 valetudo
1186 2016 1407 2105 prohibebat)
1433 2025 1481 2083 ris

144 2112 272 2179 medem
293 2121 494 2203 permiserunt
514 2165 522 2179 .
546 2164 554 2179 .
578 2164 587 2179 .
611 2164 618 2178 .
672 2115 718 2177 Te
745 2136 874 2178 suasore
902 2126 994 2202 atque
1014 2110 1095 2174 aclea
1116 2123 1267 2192 auctore,
1298 2118 1350 2175 eir
1369 2117 1480 2175 eamne

116 2248 119 2253 ·
145 2211 274 2292 sirmio,
303 2208 461 2290 doctrina,
491 2233 611 2273 morum
633 2202 826 2296 integritate,
856 2212 936 2270 m'toe
957 2205 1108 2293 religione
1130 2211 1376 2289 ornatissimus,
1410 2209 1480 2297 Ptin

145 2296 212 2366 IV.
242 2300 383 2367 omnebus
410 2311 546 2369 orantum
578 2303 791 2368 Cardinalium
819 2300 986 2388 suffragiis
1007 2298 1160 2385 Pontifex
1180 2299 1280 2363 Mae.
1309 2299 1481 2364 declarabis

145 2405 204 2456 est.
250 2393 311 2458 Cui
329 2396 406 2485 quid
424 2421 483 2485 ego
504 2420 585 2460 nono
605 2397 708 2460 elecem
730 2418 823 2486 quam
844 2418 935 2457 careus
956 2396 1025 2458 sis?
1053 2397 1162 2484 qraenti
1184 2405 1213 2456 te
1236 2392 1295 2457 ille
1318 2407 1351 2457 et
1368 2395 1481 2458 Romae

140 2500 342 2573 praesentem
353 2490 474 2575 fecerit
492 2505 526 2555 et
543 2515 623 2555 nitrio
644 2488 801 2554 absentem
813 2490 948 2574 faeiat?
971 2538 978 2552 .
1002 2537 1010 2552 .
1033 2537 1041 2552 .
1067 2537 1075 2553 .
1118 2487 1234 2575 Neque
1259 2512 1335 2552 aem
1360 2488 1414 2553 ille
1433 2482 1480 2551 rai·

146 2600 242 2668 quam
262 2582 380 2645 adduci
391 2591 564 2669 pomtssct,
588 2599 769 2649 utiense
790 2583 973 2665 dimitteret,
1001 2587 1064 2645 nisi
1083 2580 1222 2647 tristibus
1246 2588 1354 2672 iisque
1375 2581 1480 2646 crebn's

147 2692 169 2737 e
191 2669 297 2736 Gallio
323 2674 430 2739 allatis
457 2677 503 2741 od
527 2701 561 2742 se
589 2679 628 2741 ile
656 2677 807 2764 religione
835 2675 948 2739 litteris
974 2699 1012 2739 ac
1039 2681 1161 2738 nzrreciis
1189 2690 1389 2757 contemnam,
1420 2699 1478 2739 cum

147 2779 278 2853 cuperet
290 2768 520 2852 florentissimo
543 2776 822 2861 potentissimoque
849 2793 945 2857 regno
970 2792 1034 2855 pro
1062 2791 1119 2833 suo
1142 2777 1354 2855 paterno-in
1385 2791 1479 2832 onines

151 2856 347 2924 Christianos
367 2885 475 2926 amore
496 2863 673 2944 consulere,
697 2876 726 2928 te
748 2887 841 2927 unum
863 2863 908 2927 ad
925 2885 981 2926 eas
995 2875 1108 2951 partes
1128 2868 1336 2948 aptissimum
1359 2887 1427 2927 esse
1441 2868 1479 2923 iu·

147 2950 306 3035 dicasset5
331 2979 400 3019 cum
422 2964 612 3041 praesertim
633 2959 704 3021 lien
731 2963 801 3045 ipse
822 2957 1009 3021 Franciscas
1030 2957 1073 3020 II.
1104 2972 1138 3021 et
1166 2970 1274 3019 mater
1301 2956 1479 3020 eonsiliarii·

40 3126 43 3145 Ι
148 3069 208 3137 pue
224 3046 322 3135 Reges
343 3063 373 3113 te
392 3051 582 3141 quotidianis
603 3052 712 3117 litteris
731 3051 778 3115 ad
797 3075 831 3116 se
840 3054 1041 3140 flagitarent,
1065 3074 1195 3140 eamque
1218 3049 1260 3113 ob
1284 3075 1415 3113 caussam
1436 3055 1481 3111 tri-

150 3161 252 3203 remes
272 3142 294 3212 I
296 3142 337 3207 V.
361 3149 394 3207 in
408 3159 537 3230 portum
563 3146 754 3229 Ostiensem,
780 3154 900 3232 partim
929 3145 1004 3209 velis
1028 3156 1217 3232 provectae,
1247 3151 1375 3231 partim
1398 3151 1483 3206 remis

151 3233 307 3321 appulsae
334 3251 457 3318 essent-5
483 3262 612 3327 quarum
639 3253 730 3303 erant
755 3239 837 3303 elnae
865 3244 972 3326 regiae
992 3249 1124 3325 eportu
1144 3237 1353 3302 Massiliensi
1378 3240 1482 3324 prufe-

152 3338 242 3407 ctae;
262 3328 450 3419 reliquarum
471 3332 602 3396 clitonem
623 3332 724 3397 altera
745 3358 765 3396 a
791 3332 902 3396 Cosmo
923 3330 1103 3393 Florentiae
1124 3328 1256 3417 regida,
1281 3330 1386 3394 altera
1406 3355 1427 3393 a
1446 3336 1483 3391 ei·

151 3426 245 3484 vitate
269 3421 427 3488 Gerasensi
446 3439 558 3513 rogatu
578 3433 662 3514 regis
683 3440 752 3490 erat
771 3433 877 3490 attissa.
912 3426 962 3488 Ita
984 3437 1012 3487 te
1034 3423 1188 3505 Pontifex
1208 3423 1307 3489 Mae.
1331 3426 1413 3488 Pius
1426 3424 1443 3486 I
1448 3423 1483 3485 V.

153 3535 175 3577 o
201 3538 235 3578 se
263 3516 422 3582 discedere
452 3533 542 3608 atque
571 3526 604 3584 in
635 3520 773 3584 Galliam
800 3513 912 3583 revorti
933 3542 1051 3607 passus
1078 3514 1158 3580 est.''
1224 3521 1396 3602 Tempus,
1425 3539 1484 3601 quo

151 3610 250 3674 rediit
269 3611 301 3674 in
325 3615 459 3677 Galliam
483 3616 683 3693 'l'urnonius,
717 3616 796 3677 idem
826 3616 931 3696 pesullo
961 3613 1105 3696 superius
1128 3611 1350 3696 significavit:
1387 3613 1486 3696 „Qm's

148 3700 219 3788 snit
243 3726 345 3791 nuper
372 3720 441 3769 tirus
468 3714 501 3776 in
531 3706 669 3771 Galliam
696 3731 738 3770 esc
759 3707 855 3770 Italia
879 3707 1050 3771 rediens.
1074 3755 1081 3768 .
1106 3754 1113 3768 .
1138 3753 1146 3768 .
1175 3727 1236 3794 quo
1262 3718 1293 3768 le
1316 3704 1401 3770 ouilia
1423 3706 1486 3767 lies

155 3793 344 3861 Fraaeiscus
365 3800 408 3863 Il.
426 3806 542 3887 paucis
563 3815 727 3890 aratoquom
748 3800 830 3863 (liam
852 3824 940 3863 surim
963 3800 1062 3863 obiret
1079 3797 1205 3882 (liebus,
1230 3823 1294 3890 quo
1320 3801 1485 3865 Carbantia

153 3887 301 3953 Medieeo
319 3907 420 3956 nsoter
433 3892 500 3957 eius
518 3893 695 3982 excepiti’''
734 3897 823 3962 Obiit
837 3898 1026 3961 Franciscus
1045 3896 1093 3960 ΙΙ.
1110 3897 1201 3961 Non.
1218 3894 1399 3959 Decembr.
1422 3893 1486 3957 unni

158 3986 252 4049 15⁶0.
297 3989 436 4051 Videtur
463 4012 543 4074 ergo
572 4004 720 4055 aurtuumo
750 3992 888 4054 eiuusdem
912 3990 983 4053 unni
1011 4011 1052 4052 ex
1074 3989 1164 4053 Italia
1188 3988 1219 4051 in
1245 3991 1386 4053 Galliam
1408 3987 1485 4052 redi-

156 4078 219 4143 isse
242 4082 427 4146 Turnonius
449 4095 481 4145 et
503 4106 572 4145 erum
597 4085 765 4149 'suuruonio
782 4085 968 4147 Lambinus.
1005 4082 1157 4167 Lugduni
1179 4093 1289 4147 tamen
1312 4083 1485 4147 substitisse

155 4196 301 4260 magnam
324 4189 449 4259 partem
473 4176 545 4240 anni
561 4179 654 4242 1551.
673 4178 740 4243 eins
755 4179 908 4262 epistolae
924 4188 1079 4240 testantur
1097 4178 1264 4261 Lugduno
1282 4180 1375 4241 datae
1392 4174 1486 4240 Nonis

158 4363 226 4416 lium
252 4371 295 4417 att
319 4367 472 4434 Morgiten
493 4385 594 4438 poema
619 4386 676 4418 non
701 4369 843 4432 Homero,
868 4367 919 4418 sed
943 4367 1056 4420 Pittaco
1081 4364 1254 4422 adscribere.
1308 4367 1377 4420 Vide
1404 4369 1489 4421 locum

157 4440 270 4506 basilii,
300 4441 488 4513 ntiinteliigss
507 4445 561 4495 boc
581 4448 695 4495 hoaiine
716 4445 786 4495 nibil
809 4463 865 4497 esse
882 4448 1013 4515 ineptius.
1051 4442 1118 4511 Peg.
1133 4442 1200 4499 409.
1216 4460 1275 4513 pro
1298 4446 1416 4517 Aspasia
1435 4442 1491 4493 snb

157 4517 254 4571 stituit
273 4517 452 4571 Eustratiutn.
493 4520 559 4589 Peg.
573 4520 637 4575 111.
656 4519 703 4570 ubi
714 4518 865 4570 Lambinus
883 4536 912 4569 se
932 4522 1065 4569 assentiri
1084 4523 1128 4568 cit
1145 4516 1232 4570 Petro
1246 4519 1401 4572 Victoria:
1423 4519 1491 4572 idem

155 4603 267 4643 notaret
280 4591 587 4663 Felieiannsfldecennio
608 4610 673 4646 ente
687 4598 841 4647 Victoriam
861 4610 912 4647 cet.
949 4592 1094 4646 Nonnedla
1112 4610 1150 4644 ex
1168 4590 1215 4644 leis
1234 4594 1403 4648 emendavit
1420 4594 1492 4647 tan-

155 4658 308 4795 bitnlms‘et
329 4673 475 4737 postrema
500 4668 550 4726 illa
576 4668 682 4738 verba,
714 4668 760 4722 lib.
784 4677 810 4727 1.
844 4668 940 4725 adnot.
959 4672 1023 4741 ab,
1049 4687 1118 4741 picae
1143 4677 1186 4721 est
1211 4674 1244 4723 in
1270 4672 1336 4725 alia
1362 4671 1431 4725 edit.
1454 4674 1491 4732 ii

181 4756 275 4797 σενι.
