3218 5310
228 250 269 314 aa
649 218 705 313 uu
725 249 888 313 'rocon
911 245 1163 313 cronuouls

136 468 140 477 Ι
215 393 309 456 .liana
335 412 406 475 cap.
431 394 484 454 21.
507 401 652 454 testatur.
708 391 868 452 Numerus
893 391 931 453 de
964 399 1065 453 aetate
1089 386 1236 471 Pompeii
1266 390 1349 470 apud
1370 388 1555 472 Appianum

230 488 271 550 B.
298 486 339 551 C.
370 509 438 568 cap.
469 486 540 550 121.
567 486 680 548 incudo
707 495 813 546 earet:
848 483 981 565 respicit
1009 482 1089 546 euim
1112 493 1234 564 ternpus
1259 480 1330 544 anni
1357 482 1555 565 superioris,

230 603 295 663 quo
328 580 501 661 Pompeius
534 590 605 640 ante
640 576 773 640 natalem
807 598 895 639 suum
930 578 1125 640 consulatum
1157 573 1283 657 petivit.
1338 576 1391 638 M.
1429 576 1556 640 Tollius

229 674 291 736 iam
310 686 385 756 post
404 685 605 769 quaesturam
630 671 659 733 in
681 669 823 753 plurimis
847 668 949 733 causis
976 682 1007 732 et
1026 671 1058 732 iu
1084 669 1277 752 principibus
1303 669 1446 750 patronis
1466 671 1558 755 quin·

230 769 399 850 quennium
418 767 489 830 sere
512 779 655 830 versatus
677 777 765 838 erat,
790 774 824 825 ut
844 761 913 845 ipse
935 763 965 826 in
989 764 1093 828 Bruto
1116 785 1186 845 cap.
1211 763 1263 825 92.
1283 763 1409 826 scribit:
1433 763 1559 849 luitque

229 862 260 924 in
287 863 511 938 admiratione,
548 863 635 944 quod
661 861 700 922 ab
726 859 782 935 iis,
818 880 952 941 quorum
973 879 1083 919 causas
1108 859 1241 941 agebat,
1280 857 1364 920 nulla
1394 861 1478 921 dona
1504 869 1559 922 aot

231 978 359 1020 rnrincra
390 966 521 1017 auctore
554 955 729 1018 Plutarcho
760 974 830 1034 cap.
863 955 893 1015 7.
925 951 1113 1032 accipiebat.
1165 954 1202 1015 lu
1228 950 1265 1014 iis
1290 951 1393 1015 causis
1415 952 1558 1016 fortasse

205 1038 371 1133 ,luerunt
395 1050 447 1113 M.
478 1048 576 1112 'l'rrllii
609 1059 640 1110 et
676 1048 719 1111 L.
748 1047 886 1126 Vareni,
919 1067 996 1129 quas
1026 1044 1217 1110 Ciceronem
1252 1045 1388 1126 scriptas
1423 1045 1560 1111 edidisse

229 1143 411 1208 testimonio
438 1141 622 1224 Quintiliani
651 1153 682 1204 et
709 1140 867 1205 Prisciani
900 1139 1120 1224 cognoscitur.
1172 1139 1212 1202 In
1238 1138 1348 1222 primis
1370 1150 1491 1216 antem,
1522 1151 1558 1203 nt

229 1240 421 1303 Plutarchus
448 1236 510 1312 ait,
537 1235 655 1300 Cicero
681 1230 812 1307 enituit,
835 1256 904 1296 cum
933 1231 974 1297 C.
995 1233 1133 1296 Verrem
1158 1234 1222 1295 hoe
1247 1254 1329 1296 anno
1354 1233 1384 1296 in
1408 1233 1558 1297 iudicium

231 1326 373 1397 vocarit.
419 1334 500 1395 Nam
528 1331 557 1393 in
588 1327 769 1412 patrocinio
797 1326 953 1390 Siciliensi
978 1326 1114 1390 arianime
1144 1326 1176 1389 in
1204 1339 1361 1390 certamen
1389 1327 1475 1391 venit
1502 1328 1559 1390 de·

232 1428 373 1510 signatus
397 1425 505 1488 aedilis
533 1446 604 1486 cum
629 1421 797 1505 designato
820 1421 951 1482 consule
979 1420 1174 1495 Hortensio;
1205 1423 1291 1505 quod
1312 1421 1431 1504 ipsein
1452 1422 1558 1486 Brarto

181 1591 187 1606 ‚
230 1523 354 1584 scribit.
401 1523 564 1582 'l'ennerat
591 1516 714 1579 Verres
740 1536 781 1578 cx
804 1525 950 1596 praetura
980 1512 1116 1577 Siciliam
1146 1514 1342 1597 provinciam
1371 1537 1432 1597 per
1460 1516 1559 1581 trien·

231 1616 314 1678 arium
331 1627 426 1696 atque
440 1611 472 1673 in
493 1612 649 1674 calluerat
670 1609 853 1684 libidinose,
878 1629 974 1671 avare
990 1608 1223 1692 crudeliterque
1239 1622 1394 1672 versatos.
1433 1608 1556 1690 Quare,

231 1731 301 1772 rum
332 1709 455 1770 tandem
479 1707 541 1769 hoe
562 1727 643 1768 anno
661 1707 703 1771 L.
728 1703 879 1767 Metellus
898 1701 927 1764 ei
949 1703 1148 1778 succederet,
1172 1705 1416 1783 repetundarum
1437 1725 1512 1767 rens
1537 1725 1557 1767 a

231 1802 346 1866 Siculis
372 1801 551 1883 postulatus
579 1811 647 1861 est:
673 1796 726 1882 qui
755 1819 865 1862 omues
887 1809 1016 1879 praeter
1042 1796 1259 1876 Syracusanos
1286 1807 1318 1858 et
1343 1797 1558 1862 Mamertinos

229 1897 283 1961 M.
306 1894 446 1959 'suillium
474 1893 532 1958 illo
562 1906 707 1975 ternpore
733 1892 900 1956 florentem
931 1887 1170 1955 defensionibus
1196 1888 1371 1952 amicorum
1399 1891 1440 1953 ad
1465 1913 1559 1954 aceu-

229 1993 358 2052 sandum
386 1991 577 2050 descendere
606 1985 845 2071 compulerunt,
881 1987 940 2048 iam
965 1983 1086 2067 pridem
1114 1982 1175 2045 illis
1207 1981 1436 2047 necessitudine
1457 2005 1559 2068 copu-

228 2086 347 2156 latum;
371 2084 457 2166 quod
486 2092 640 2165 quaestor
670 2082 700 2144 in
726 2080 832 2144 Sicilia
854 2079 966 2143 fuisset
992 2089 1024 2140 et
1049 2078 1204 2140 decedens
1234 2076 1331 2139 multa
1354 2076 1391 2139 iis
1419 2078 1557 2163 benigne

229 2176 449 2259 promisisset,
483 2187 519 2236 ut
546 2174 707 2237 Asconius
740 2173 771 2235 in
801 2194 923 2256 argum.
951 2171 1085 2235 Verrin.
1111 2170 1139 2232 Ι.
1170 2169 1226 2231 ait.
1272 2172 1372 2234 Natus
1395 2171 1457 2234 iarn
1488 2182 1557 2236 erat

233 2267 351 2332 Cicero
373 2288 472 2331 annos
496 2267 684 2344 XXXVL,
709 2268 797 2350 quod
823 2278 947 2348 tempus
970 2265 1142 2350 legitimum
1168 2275 1236 2326 erat
1259 2264 1424 2328 aedilitatis
1445 2279 1557 2348 peten-

230 2364 301 2424 dae.
347 2352 445 2425 Certe
474 2361 516 2424 P.
549 2359 659 2441 Scipio
688 2361 861 2423 Africanus
891 2359 1011 2434 minor,
1042 2378 1110 2420 cum
1139 2377 1238 2421 annos
1266 2369 1357 2422 natus
1384 2361 1555 2426 XXXVI.

230 2455 417 2518 aedilitatem
445 2463 585 2536 peteret,
617 2455 728 2517 consul
760 2452 921 2534 apopulo
951 2452 1052 2515 dictus
1077 2462 1143 2526 est,
1167 2452 1280 2515 Livius
1303 2454 1359 2516 lib.
1387 2457 1450 2529 L.,
1476 2456 1558 2518 Vel·

228 2547 308 2611 leius
330 2549 388 2611 lib.
412 2548 440 2611 1.
462 2569 534 2629 cap.
558 2548 608 2612 12.
652 2546 856 2612 Aedilitatem
875 2546 971 2630 igitur
991 2566 1050 2608 suo
1076 2565 1159 2608 anno
1185 2557 1297 2628 petens
1329 2545 1447 2611 Cicero
1470 2549 1560 2632 prior

228 2641 410 2727 designatus
439 2652 487 2703 cst
514 2641 635 2704 cunctis
663 2638 822 2725 suffragiis
852 2639 981 2722 populi:
1017 2640 1048 2701 in
1076 2641 1168 2704 Orat.
1194 2638 1228 2702 in
1253 2640 1402 2705 Pisonem
1429 2664 1501 2726 cap.
1528 2646 1556 2708 t.

229 2736 389 2818 Suscepto
414 2735 594 2818 patrocinio
617 2733 788 2809 Siciliensi,
813 2733 932 2796 exstitit
954 2734 997 2814 Q.
1019 2733 1179 2799 Caecilius
1201 2735 1323 2819 Niger,
1348 2739 1444 2799 domo
1468 2738 1558 2801 Sien-

229 2831 293 2906 lm,
318 2842 352 2893 ut
374 2828 535 2899 Asconius
560 2851 632 2915 arg.
655 2829 753 2894 Verr.
775 2828 804 2891 1.
828 2826 959 2901 scribit;
982 2828 1175 2891 Plutarchus
1197 2828 1257 2903 ait,
1281 2829 1440 2892 horriiuern
1460 2830 1557 2894 liber·

229 2924 327 2986 tiiurm
356 2924 456 2988 luisse
491 2936 522 2987 et
555 2922 703 2987 Iudaicae
738 2921 886 3005 religioni
921 2921 1114 2997 obnoxium,
1158 2925 1240 2986 unde
1272 2922 1390 2987 Cicero
1424 2925 1454 2987 in
1488 2947 1557 2987 eram

228 3016 324 3092 dixit,
351 3017 445 3099 Quid
463 3016 592 3080 ledaco
617 3037 695 3079 enm
719 3016 838 3080 Verre?
880 3015 1016 3079 Romani
1045 3028 1148 3080 autem
1179 3039 1312 3100 porcum
1340 3039 1404 3081 non
1437 3030 1558 3084 eastra-

227 3123 293 3173 tum
323 3129 447 3177 verrem
469 3109 642 3172 nominant.
669 3108 729 3186 (Iu
746 3105 911 3170 Plutarchi
931 3109 1033 3185 libris,
1064 3107 1095 3172 in
1120 3109 1234 3194 quibus
1260 3108 1396 3195 legitur,
1429 3111 1558 3201 Βὲῥρην

228 3207 260 3268 οἱ
281 3198 440 3288 Ῥωμαῖον
460 3198 516 3266 τὸν
542 3203 773 3286 ἐκτετμημένον
789 3208 902 3290 χοῖρον
920 3204 1073 3280 καλοῦσι,
1097 3204 1224 3289 negatio
1244 3206 1352 3278 deest,
1378 3214 1410 3266 et
1435 3203 1560 3269 restitui

230 3299 343 3369 debet,
372 3291 430 3362 τὸν
450 3293 494 3381 pi,
518 3296 788 3391 ἐκτετμημένον*1
831 3294 963 3379 Alioqui
989 3298 1101 3361 lalsum
1124 3310 1226 3375 esset,
1258 3300 1343 3384 quod
1367 3298 1560 3362 Plutarchus

230 3389 358 3463 scribit,
389 3389 484 3472 idque
508 3392 587 3453 duos
614 3390 819 3470 interpretes,
853 3389 938 3454 riroe
963 3392 1186 3467 doctissimos,
1211 3413 1275 3455 non
1301 3391 1559 3456 animadvertisse

233 3484 366 3561 miror.)
411 3481 568 3545 Caecilius
596 3482 694 3565 igitur
724 3485 934 3547 contendebat
961 3506 995 3548 se
1024 3487 1129 3568 potius
1160 3478 1377 3549 accusatorem
1408 3486 1559 3551 constitui

233 3589 402 3661 oportere,
426 3577 483 3638 has
509 3577 644 3638 afferens
676 3597 809 3639 causas:
841 3590 952 3656 innanti,
986 3582 1071 3666 quod
1099 3601 1115 3642 a
1142 3580 1247 3642 Verre
1277 3578 1380 3642 laesus
1415 3579 1487 3643 iure
1514 3580 1560 3644 illi

230 3671 374 3735 inimicus
401 3683 500 3745 esset;
524 3671 672 3747 alteram,
695 3673 801 3756 qood,
833 3694 904 3734 cum
935 3685 1086 3757 quaestor
1109 3674 1174 3738 eius
1194 3672 1325 3749 luisset,
1350 3673 1480 3738 erimina
1499 3674 1560 3739 sci·

231 3779 296 3842 ret,
322 3765 464 3842 tertiam,
497 3767 584 3851 quod
606 3765 730 3828 Siculus
752 3787 813 3848 pro
840 3767 954 3830 Sicrilis
974 3780 1096 3852 ageret.
1140 3767 1243 3846 Hinc,
1268 3768 1341 3852 quia
1367 3767 1399 3832 in
1419 3760 1559 3853 publicis

233 3858 489 3944 quaestionibus,
515 3869 547 3921 ut
570 3868 617 3921 est
637 3858 713 3921 libr.
738 3861 767 3923 1.
791 3882 863 3943 cap.
884 3863 936 3926 12.
965 3866 1003 3924 ad
1024 3860 1241 3936 Herennium,
1265 3861 1389 3947 legibus
1412 3877 1557 3939 cavetur,

234 3964 268 4015 ut
295 3965 384 4025 ante,
409 3951 435 4014 si
458 3972 517 4015 reo
539 3954 739 4015 commodum
763 3952 821 4031 sit,
845 3955 992 4021 iudicium
1016 3958 1054 4019 de
1077 3967 1264 4041 accusatore
1287 3957 1359 4032 liat,
1384 3971 1491 4022 utrum
1513 3954 1559 4020 illi

233 4045 326 4115 liceat
359 4064 508 4108 accusare
541 4066 657 4120 necne,
704 4045 855 4112 diuinatio
891 4060 1112 4113 accusatorum
1153 4048 1322 4114 Ciceronis
1355 4063 1385 4115 et
1425 4048 1558 4117 Caecilii

234 4138 318 4201 faeta
342 4152 402 4202 est.
455 4142 537 4202 Trim
566 4138 684 4203 Cicero
712 4140 845 4223 primam
869 4144 1038 4206 Verrinam
1064 4148 1103 4207 de
1126 4155 1310 4207 accusatore
1334 4146 1558 4210 constituendo

237 4232 333 4304 dixit3
368 4233 482 4318 inqua
507 4234 927 4300 hacususestdivisione:
961 4240 1184 4320 spectandum,
1219 4258 1324 4323 aquo
1348 4238 1483 4301 triaxirne
1506 4237 1559 4321 agi

237 4324 336 4387 velint
357 4325 398 4402 ii,
423 4349 558 4412 quorum
581 4330 620 4390 de
642 4327 761 4391 ultione
783 4331 960 4412 ‹praeritur3
989 4352 1094 4414 aquo
1117 4330 1240 4395 mininie
1263 4331 1404 4407 velitis,
1430 4334 1484 4417 qui
1506 4351 1559 4395 ae·

237 4431 366 4481 eusatur
389 4423 515 4497 (auctor
536 4420 747 4502 Quintilianus
768 4403 825 4486 lib.
850 4424 933 4487 Vll.
956 4446 1028 4507 eap.
1052 4428 1112 4503 5.).
1163 4425 1262 4490 Victo
1286 4424 1430 4490 Caecilio
1453 4436 1484 4490 et
1506 4444 1560 4487 ae·

237 4510 399 4576 cusatione
428 4515 466 4576 ad
492 4537 527 4578 se
556 4514 658 4578 delata
693 4515 830 4592 Cicero,
865 4539 934 4579 cum
966 4517 1175 4604 inquisitionis
1204 4533 1326 4602 tempus
1355 4520 1387 4582 in
1419 4519 1559 4582 Siciliam

236 4604 428 4688 postulasset
449 4608 514 4671 dies
538 4608 615 4674 CX.
645 4623 677 4674 et
707 4633 777 4674 enm
806 4612 849 4676 L.
879 4612 987 4678 'l'nllio
1016 4611 1116 4677 fratre
1145 4614 1282 4697 patrueli
1303 4625 1402 4678 totam
1423 4612 1559 4698 provin·

276 4799 305 4871 1)
326 4800 425 4873 sicque
451 4797 502 4856 Ed.
525 4799 636 4857 Sebael.
656 4819 716 4878 cap.
742 4809 768 4862 7.
808 4805 942 4862 decentor
965 4807 1011 4862 bie
1034 4823 1143 4883 semper
1164 4804 1411 4862 Pseudoaseontns.
