3218 5310
677 234 917 301 suenonis.
1425 238 1486 319 st¹

141 395 217 457 cap.
239 374 296 449 8..
325 393 389 457 pro
412 373 498 437 Sulla
518 394 592 457 cap.
614 374 668 438 80.
692 386 724 439 et
745 375 838 459 epist.
862 377 894 439 1.
917 375 974 439 lib.
997 376 1080 440 XV.
1101 379 1140 441 ad
1162 377 1276 443 Famil.
1321 377 1387 443 Sub
1408 398 1469 443 no·

142 481 228 533 ctetn
243 489 436 555 progressus
452 468 485 533 in
500 468 686 535 concionem
702 468 820 535 Cicero
836 470 972 555 populo,
996 470 1052 558 qui
1068 472 1220 558 frequens
1235 474 1356 549 aderat,
1379 472 1472 557 quid·

137 562 221 647 quid
239 563 273 627 in
293 574 405 631 senatu
428 575 531 627 actum
554 573 642 640 erat,
672 563 822 645 exposuit
844 584 880 626 ea
904 563 1068 641 oratione,
1104 586 1184 649 quae
1206 566 1299 629 tertia
1320 565 1353 629 iu
1378 564 1468 631 Cati·

135 656 236 721 linam
257 668 365 723 exstat
385 669 418 723 et
439 679 523 721 nona
545 655 721 723 consularis
744 670 947 735 muneratum
977 660 1071 742 epist.
1097 663 1148 724 17.
1179 660 1236 725 lib.
1259 660 1306 729 11.
1335 662 1375 724 ad
1396 663 1468 726 Att.

137 753 169 821 E
191 753 349 839 concione
371 751 508 829 Cicero,
535 763 572 817 ut
591 753 785 817 Plutarchus
808 774 880 836 cap.
905 755 958 819 19.
980 752 1107 830 scribit,
1130 754 1162 819 in
1184 755 1311 818 domum
1334 754 1470 818 uicinia

136 846 265 929 populo
287 848 440 913 deductus
462 845 544 922 luit3
568 867 608 912 eo
631 848 721 934 quod
741 845 827 909 domi
850 846 917 911 eins
939 848 971 912 in
994 860 1110 932 operto
1133 869 1225 913 sacra
1246 850 1356 915 Bonae
1378 850 1469 914 Deae

136 961 157 1003 a
186 938 375 1003 mulieribus
403 950 437 1004 et
463 939 649 1004 Vestalibus
678 938 804 1004 fierent.
859 941 910 1007 lbi
941 954 1007 1005 turn
1036 955 1167 1025 peracto
1190 942 1367 1018 sacrilicio,
1397 963 1470 1007 enm

137 1032 226 1119 ignis
250 1031 283 1097 in
308 1054 366 1097 ara
391 1032 452 1098 iam
481 1033 655 1098 exstinctus
684 1044 868 1117 putaretur,
903 1056 1018 1122 magna
1046 1035 1171 1099 flamma
1203 1057 1220 1100 e
1250 1036 1407 1101 cineribus
1436 1034 1470 1099 in
1562 1070 1566 1077 ·

139 1127 239 1203 altum
272 1127 396 1191 sublata
426 1126 501 1193 tuit.
545 1127 621 1209 Quo
653 1138 781 1193 ostento
814 1128 944 1193 aliarum
977 1141 1097 1194 mentes
1129 1130 1293 1213 perculsae
1319 1128 1468 1195 luerunt:

139 1218 294 1285 Vestales
324 1221 526 1299 Terentiam,
555 1220 724 1287 Ciceronis
748 1222 934 1309 coniugem,
966 1223 1111 1287 maritum
1134 1225 1221 1288 adire
1246 1235 1340 1309 atque
1363 1223 1469 1289 dicere

137 1311 321 1392 iusserunt,
346 1336 429 1399 qnae
450 1318 490 1379 de
510 1317 631 1399 patriae
656 1317 757 1381 salute
784 1338 880 1403 agere
905 1316 1110 1396 instituisset,
1134 1339 1170 1383 ea
1193 1316 1328 1404 exsequi
1348 1339 1388 1381 ne
1411 1321 1470 1383 du-

139 1408 272 1473 bitaret.
316 1410 444 1477 Ostenti
479 1411 573 1477 huius
606 1412 722 1476 mentio
760 1421 808 1475 est
838 1411 869 1475 iu
910 1412 1024 1477 Dionis
1057 1432 1188 1497 quoque
1215 1410 1351 1477 historia
1383 1412 1468 1477 libro

137 1501 335 1569 XXXVII.
361 1525 433 1589 cap.
461 1506 515 1570 35.
558 1507 700 1571 Postero
730 1505 797 1581 die,
829 1505 931 1587 pridie
959 1507 1073 1570 Nonas
1095 1506 1287 1583 Decembr.,
1314 1504 1469 1570 indicibus

138 1596 284 1680 praemia
308 1598 482 1663 constituta
506 1600 655 1674 luerunt3
679 1611 712 1663 ut
738 1598 857 1665 Cicero
883 1599 913 1661 in
938 1597 1068 1664 Catilin.
1095 1598 1161 1662 IV.
1187 1620 1259 1683 cap.
1284 1600 1316 1665 3.
1339 1598 1471 1683 indicat.

140 1690 251 1756 Nonis
270 1692 446 1758 Deccmbr.
468 1716 539 1757 cum
556 1693 675 1760 Cicero
700 1694 811 1757 consul
831 1693 1020 1779 intelligeret
1038 1705 1168 1777 paratos
1194 1716 1281 1769 esse,
1306 1695 1360 1780 qui
1384 1697 1472 1759 Len-

137 1784 242 1851 tulu-
264 1797 297 1853 et
318 1784 498 1871 Cethegum
522 1789 699 1869 eriperent,
727 1784 890 1869 dispositis
911 1787 1077 1871 praesidiis
1100 1798 1132 1851 et
1154 1799 1267 1852 senatu
1287 1800 1468 1853 convocato

140 1878 285 1955 rettulit,
309 1877 447 1963 quidde
470 1879 506 1943 iis
527 1880 599 1945 fieri
621 1881 783 1964 placeret,
808 1879 862 1965 qni
879 1880 911 1943 in
936 1881 1111 1945 custodiam
1129 1880 1235 1945 traditi
1255 1893 1355 1948 crant.
1398 1883 1472 1946 Pri-

139 1993 212 2035 mus
232 1971 279 2037 D·
303 1971 411 2037 lunius
434 1972 578 2048 Silanus,
603 1973 677 2057 quia
699 1976 811 2038 consul
840 1974 1022 2058 designatus
1044 1985 1132 2048 erat,
1165 1974 1348 2038 sententiam
1370 1995 1471 2059 roga·

136 2077 191 2133 un
216 2075 396 2130 extremum
423 2067 617 2150 supplicium
645 2066 678 2131 in
708 2090 765 2135 eos
792 2068 948 2132 decrevit.
1003 2067 1044 2131 Ei
1074 2067 1190 2132 assensi
1220 2079 1293 2132 sunt
1320 2058 1470 2151 deinceps

137 2158 251 2235 multi,
284 2161 388 2223 donec
415 2163 455 2223 ad
485 2162 539 2226 Ti.
560 2164 723 2226 Neronem
752 2164 926 2226 sententiae
948 2159 1045 2224 dictio
1066 2161 1225 2244 pervenit.
1278 2163 1375 2225 Hrrnc
1397 2182 1471 2224 cen-

138 2252 244 2318 suisse
264 2253 435 2337 Appianus
457 2257 498 2318 B.
523 2255 566 2321 C.
589 2257 637 2321 ll.
659 2258 692 2321 5.
708 2255 768 2331 ait,
801 2267 834 2317 ut
863 2255 1085 2337 comprehensi
1106 2256 1138 2318 in
1163 2256 1294 2319 vinculis
1317 2256 1473 2320 haberen-

138 2359 214 2424 tur,
243 2351 351 2431 quoad
381 2349 518 2416 Catilina
546 2351 632 2417 bollo
657 2349 851 2434 profligatus
879 2362 977 2414 esset.
1028 2348 1150 2414 Caesar
1177 2350 1305 2426 deinde,
1338 2363 1472 2434 praetor

139 2440 348 2527 designatus,
381 2445 506 2507 censuit
534 2467 590 2508 eos
616 2445 784 2527 publicatis
811 2442 905 2508 bonis
934 2442 964 2507 in
990 2443 1121 2507 vinculis
1143 2466 1202 2527 per
1224 2444 1393 2528 municipia
1414 2446 1472 2507 ba·

140 2536 281 2599 Modus.
334 2537 420 2601 Huic
441 2541 634 2616 sententiae,
667 2539 709 2603 ait
732 2539 927 2605 Plutarchus
956 2559 1029 2620 cap.
1053 2540 1128 2613 21..
1159 2560 1229 2602 cum
1252 2549 1284 2602 et
1306 2536 1474 2624 aequitatis

139 2629 238 2712 plena
259 2640 295 2693 ct
314 2633 356 2695 ab
382 2632 512 2697 hunnine
539 2632 800 2716 eloquentissimo
829 2632 910 2694 dicta
940 2643 1044 2704 esset,
1079 2630 1231 2697 momenti
1260 2631 1377 2698 Cicero
1407 2652 1472 2695 non

139 2745 256 2807 parum
277 2724 414 2801 addidit;
438 2727 580 2791 surrexit
601 2730 682 2791 enim
705 2740 799 2811 atquc
822 2725 853 2789 in
876 2738 1040 2811 utramque
1064 2739 1184 2809 partem
1207 2724 1374 2800 disseruit,
1398 2747 1472 2809 par·
1502 2807 1507 2815 Ι

138 2819 195 2881 ιίιιι
218 2818 306 2882 illam
329 2818 445 2897 Silani,
478 2821 593 2904 partim
623 2825 704 2885 lianc
726 2819 876 2891 Caesaris
904 2819 1087 2884 sententiam
1112 2820 1297 2885 defendens.
1345 2818 1471 2899 Quibus

139 2910 250 2975 verbis
279 2933 430 2977 summam
458 2927 588 2998 quartae
612 2913 768 2980 orationis
794 2913 826 2977 in
856 2913 1025 2977 Catilinam
1055 2912 1314 2999 comprehendit;
1347 2912 1379 2976 in
1409 2935 1472 2998 qua

140 3004 265 3073 Cicero
281 3008 327 3085 ,de
349 3009 474 3071 duabus
495 3009 657 3075 sententiis
680 3009 848 3075 contrariis
878 3008 922 3072 ita
946 3009 1102 3090 disputat,
1139 3019 1260 3073 utnon
1282 3010 1418 3073 obscure
1439 3006 1473 3072 in

139 3097 343 3165 severiore·
368 3100 468 3164 Silani
495 3102 637 3168 inclinet.
689 3107 800 3190 Atque
829 3105 908 3167 haec
937 3113 985 3166 cst
1006 3102 1126 3166 decima
1148 3100 1253 3167 oratio
1276 3099 1472 3177 consularis,

140 3210 238 3279 qnam
261 3194 295 3263 in
316 3207 426 3259 senatu
450 3199 553 3265 Nonis
574 3201 747 3263 Decernbr.
772 3200 909 3263 habitatu
932 3196 1030 3261 luisse
1057 3195 1127 3278 ipse
1153 3196 1247 3279 epist.
1272 3198 1303 3261 1.
1323 3196 1399 3261 libr.
1423 3195 1471 3259 ll.

143 3290 184 3352 ad
213 3288 289 3353 Ast.
319 3291 448 3367 scribit,
482 3304 516 3356 ut
542 3294 618 3359 satis
648 3295 755 3359 mirari
778 3315 929 3378 nequeam
959 3290 1092 3355 Silvium
1124 3302 1155 3353 ct
1184 3289 1359 3355 Curionem
1388 3289 1473 3353 affir-

143 3402 234 3447 mare
256 3383 341 3447 illam
364 3385 542 3451 orationem
566 3389 650 3453 Vll.
675 3390 751 3453 ldns
773 3387 887 3451 dictam
907 3385 1020 3451 fnisse.
1072 3384 1204 3450 Caesari
1232 3384 1382 3467 deinceps
1404 3407 1474 3448 om·

143 3497 200 3539 nes
222 3498 371 3544 assensos
393 3501 463 3543 esse
492 3484 654 3567 usquead
678 3481 835 3547 Catonem
866 3478 1034 3563 Appianus
1063 3489 1095 3540 ct
1116 3478 1182 3543 Dio
1211 3481 1352 3540 tradrmt.
1396 3477 1475 3542 Plu·

144 3570 280 3634 tarcltus
307 3571 352 3635 ait
380 3572 424 3654 Q.
455 3576 617 3639 Lutatium
649 3574 797 3641 Catulum
826 3572 960 3657 primum
988 3583 1101 3638 contra
1131 3572 1261 3636 dixisse.
1312 3572 1391 3635 Indc
1419 3572 1473 3635 M.

141 3662 286 3731 Porcius
304 3665 409 3744 Cato,
433 3669 579 3733 tribunus
602 3670 648 3751 pl.
666 3669 865 3753 designatus,
889 3669 1059 3731 etiamtunc
1080 3669 1247 3731 admodum
1275 3666 1471 3741 adolescens,

142 3779 248 3841 paene
276 3758 360 3825 inter
388 3762 517 3827 ultimos
546 3775 681 3849 rogatus
710 3762 913 3836 sententiam,
948 3772 1035 3825 tanta
1063 3762 1096 3827 vi
1122 3762 1217 3826 animi
1238 3773 1334 3845 atque
1356 3757 1476 3842 ingenii

141 3850 293 3916 invectus
314 3865 362 3917 est
384 3854 415 3917 in
437 3855 712 3932 coniurationem,
743 3868 778 3919 ut
807 3860 922 3920 ardore
946 3854 1011 3917 oris
1035 3855 1212 3919 orationem
1236 3853 1373 3919 omnium
1397 3851 1476 3914 leni·

141 3954 243 4009 tatem
265 3948 462 4012 suadentium
485 3950 637 4014 societate
665 3948 790 4014 consilii
819 3961 996 4032 suspectam
1026 3950 1156 4024 leceri13
1188 3948 1234 4012 sic
1261 3936 1473 4037 impendentia

143 4060 186 4103 ex
212 4039 313 4105 reninis
342 4041 558 4129 incendiisque
588 4044 685 4111 Urbis
721 4057 753 4108 ct
781 4044 1028 4110 commutatione
1057 4056 1157 4108 status
1185 4040 1303 4126 publici
1331 4037 1475 4122 pericula

143 4133 316 4217 exposuit,
353 4137 394 4200 ita
422 4140 561 4203 consulis
588 4139 737 4203 virtutem
772 4138 994 4220 amplificavit,
1028 4150 1061 4201 ut
1090 4137 1257 4200 universus
1285 4145 1413 4196 senatus
1442 4133 1476 4197 in

142 4226 212 4291 eius
229 4230 412 4294 senteutiam
429 4233 605 4296 transiret.¹
635 4233 725 4296 Haec
741 4233 884 4296 Velleius
906 4232 964 4295 lib.
982 4233 1030 4297 ll.
1048 4253 1120 4312 cap.
1138 4231 1191 4293 35.
1223 4231 1274 4292 Tu
1290 4229 1363 4312 lege
1379 4226 1474 4293 Cice·

146 4320 1466 4350 Μ...

182 4374 214 4435 1)
238 4371 357 4425 ldastrnt
380 4376 516 4425 momeutt
535 4371 569 4424 sd
592 4387 680 4426 totsm
701 4371 772 4424 banc
798 4389 856 4423 rem
878 4368 1084 4424 diiudicandum
1105 4381 1185 4430 sunt,
1207 4380 1276 4436 quae
1301 4364 1399 4418 Cicero
1417 4367 1476 4435 lpse

144 4444 248 4499 aertbtt
268 4445 303 4498 ad
323 4449 445 4500 Atticum
467 4446 529 4501 Lib.
556 4452 600 4504 12.
620 4447 673 4514 Bp.
698 4451 751 4511 21,
778 4450 805 4502 1.
835 4453 877 4512 (1.
902 4464 928 4498 ιι.
952 4461 979 4497 c.
999 4448 1082 4507 709.)
1134 4441 1205 4511 Legi
1225 4440 1308 4492 Bruta·
1329 4440 1477 4509 epistolam

148 4537 265 4593 enque
295 4522 348 4575 titt
369 4527 479 4587 reuniri,
507 4540 577 4575 sous
600 4540 658 4613 nors
676 4521 830 4612 prudenter
855 4526 1021 4614 rescriptam
1055 4516 1095 4569 aad
1121 4532 1173 4582 aa,
1202 4534 1271 4608 qrsae
1298 4520 1476 4606 requisieras.

145 4594 833 4744 ff.i'‘i.”'.l‘sslali'..ffl.l‘f‘.‘i.”‘s,llii
852 4594 1477 4738 libila?lss'l'.ll‘l.“il.15“‘il‘.'.2”.⁸

149 4760 225 4800 reare
253 4754 284 4800 st
303 4766 366 4802 curs
384 4753 474 4820 ipsun
494 4748 629 4802 Caesaris
645 4756 706 4801 tam
723 4766 820 4802 mesra
829 4748 946 4819 jecerit,
975 4747 1023 4815 qna·
1040 4751 1099 4796 tum
1113 4749 1261 4815 praetorto
1279 4743 1341 4795 loeo
1359 4740 1477 4803 dixerit,

149 4822 338 4881 “ostiarium
359 4832 444 4895 pretet
461 4824 583 4879 balares
593 4822 710 4899 scisse,
732 4823 844 4891 Catuli,
865 4821 991 4892 Seruilii,
1013 4818 1206 4889 mullorum,
1233 4818 1382 4887 cortone,
1398 4813 1479 4870 Tor·
