<?xml version="1.0" encoding="UTF-8"?>
<!DOCTYPE html PUBLIC "-//W3C//DTD XHTML 1.0 Transitional//EN"
    "http://www.w3.org/TR/xhtml1/DTD/xhtml1-transitional.dtd">
<html xmlns="http://www.w3.org/1999/xhtml" xml:lang="en" lang="en">
 <head>
  <title>
</title>
<meta http-equiv="Content-Type" content="text/html;charset=utf-8" />
  <meta name='ocr-system' content='tesseract 3.04.00' />
  <meta name='ocr-capabilities' content='ocr_page ocr_carea ocr_par ocr_line ocrx_word'/>
</head>
<body>
  <div class='ocr_page' id='page_1' title='image "./operaquaesupers07halmgoog_0311.png"; bbox 0 0 3218 5310; ppageno 0'>
   <div class='ocr_carea' id='block_1_1' title="bbox 162 216 1071 289">
    <p class='ocr_par' dir='ltr' id='par_1_1' title="bbox 162 216 1071 289">
     <span class='ocr_line' id='line_1_1' title="bbox 162 216 1071 289; baseline 0.011 -10"><span class='ocrx_word' id='word_1_1' title='bbox 162 216 224 280; x_wconf 84' lang='grc'><strong>800</strong></span> <span class='ocrx_word' id='word_1_2' title='bbox 562 222 612 284; x_wconf 88' lang='lat' dir='ltr'><strong>M.</strong></span> <span class='ocrx_word' id='word_1_3' title='bbox 634 222 797 285; x_wconf 83' lang='lat' dir='ltr'>TULLII</span> <span class='ocrx_word' id='word_1_4' title='bbox 822 221 1071 289; x_wconf 86' lang='lat' dir='ltr'><strong>CICERONIS</strong></span> 
     </span>
    </p>
   </div>
   <div class='ocr_carea' id='block_1_2' title="bbox 159 355 1486 820">
    <p class='ocr_par' dir='ltr' id='par_1_2' title="bbox 159 355 1486 820">
     <span class='ocr_line' id='line_1_2' title="bbox 163 355 1486 451; baseline 0.015 -30"><span class='ocrx_word' id='word_1_5' title='bbox 163 355 232 421; x_wconf 88' lang='lat' dir='ltr'><strong>Cur</strong></span> <span class='ocrx_word' id='word_1_6' title='bbox 259 370 361 420; x_wconf 77' lang='lat' dir='ltr'><strong>nartem</strong></span> <span class='ocrx_word' id='word_1_7' title='bbox 392 381 440 422; x_wconf 90' lang='lat' dir='ltr'><strong>mc</strong></span> <span class='ocrx_word' id='word_1_8' title='bbox 466 362 582 442; x_wconf 84' lang='lat' dir='ltr'><strong>ptrdeat</strong></span> <span class='ocrx_word' id='word_1_9' title='bbox 608 362 721 424; x_wconf 79' lang='grc'><strong>0001110</strong></span> <span class='ocrx_word' id='word_1_10' title='bbox 749 363 881 426; x_wconf 82' lang='lat' dir='ltr'><strong>aliorum</strong></span> <span class='ocrx_word' id='word_1_11' title='bbox 904 363 935 426; x_wconf 91' lang='lat' dir='ltr'><strong>iu</strong></span> <span class='ocrx_word' id='word_1_12' title='bbox 959 364 1074 428; x_wconf 87' lang='lat' dir='ltr'><strong>difficili</strong></span> <span class='ocrx_word' id='word_1_13' title='bbox 1096 378 1191 451; x_wconf 79' lang='lat' dir='ltr'><strong>atque</strong></span> <span class='ocrx_word' id='word_1_14' title='bbox 1214 370 1350 437; x_wconf 85' lang='lat' dir='ltr'><strong>honesta</strong></span> <span class='ocrx_word' id='word_1_15' title='bbox 1371 396 1409 439; x_wconf 92' lang='lat' dir='ltr'><strong>re</strong></span> <span class='ocrx_word' id='word_1_16' title='bbox 1432 378 1486 441; x_wconf 91' lang='lat' dir='ltr'><strong>im·</strong></span> 
     </span>
     <span class='ocr_line' id='line_1_3' title="bbox 161 452 1485 547; baseline 0.015 -33"><span class='ocrx_word' id='word_1_17' title='bbox 161 454 316 535; x_wconf 81' lang='lat' dir='ltr'><strong>plorare?</strong></span> <span class='ocrx_word' id='word_1_18' title='bbox 344 476 413 515; x_wconf 90' lang='lat' dir='ltr'><strong>cum</strong></span> <span class='ocrx_word' id='word_1_19' title='bbox 441 452 508 533; x_wconf 89' lang='lat' dir='ltr'><strong>ipse</strong></span> <span class='ocrx_word' id='word_1_20' title='bbox 537 455 610 516; x_wconf 88' lang='lat' dir='ltr'><strong>nihil</strong></span> <span class='ocrx_word' id='word_1_21' title='bbox 638 458 824 518; x_wconf 77' lang='lat' dir='ltr'>cessaverim</span> <span class='ocrx_word' id='word_1_22' title='bbox 849 478 951 538; x_wconf 84' lang='lat' dir='ltr'><strong>neqtte</strong></span> <span class='ocrx_word' id='word_1_23' title='bbox 976 459 1069 521; x_wconf 83' lang='lat' dir='ltr'><strong>rtllttm</strong></span> <span class='ocrx_word' id='word_1_24' title='bbox 1092 461 1234 525; x_wconf 79' lang='lat' dir='ltr'><strong>laborem</strong></span> <span class='ocrx_word' id='word_1_25' title='bbox 1258 470 1485 547; x_wconf 82' lang='lat' dir='ltr'><strong>recttsaverim,</strong></span> 
     </span>
     <span class='ocr_line' id='line_1_4' title="bbox 160 548 1486 640; baseline 0.014 -32"><span class='ocrx_word' id='word_1_26' title='bbox 160 558 254 630; x_wconf 82' lang='lat' dir='ltr'><strong>utque</strong></span> <span class='ocrx_word' id='word_1_27' title='bbox 277 548 367 610; x_wconf 85' lang='lat' dir='ltr'><strong>etiam</strong></span> <span class='ocrx_word' id='word_1_28' title='bbox 392 548 564 629; x_wconf 77' lang='lat' dir='ltr'><strong>profitear,</strong></span> <span class='ocrx_word' id='word_1_29' title='bbox 590 549 743 634; x_wconf 86' lang='lat' dir='ltr'><strong>quidquid</strong></span> <span class='ocrx_word' id='word_1_30' title='bbox 763 562 899 630; x_wconf 88' lang='lat' dir='ltr'><strong>potero,</strong></span> <span class='ocrx_word' id='word_1_31' title='bbox 931 550 962 613; x_wconf 90' lang='lat' dir='ltr'><strong>in</strong></span> <span class='ocrx_word' id='word_1_32' title='bbox 986 552 1141 636; x_wconf 84' lang='lat' dir='ltr'><strong>reliqumn</strong></span> <span class='ocrx_word' id='word_1_33' title='bbox 1164 568 1291 640; x_wconf 86' lang='lat' dir='ltr'><strong>tempus</strong></span> <span class='ocrx_word' id='word_1_34' title='bbox 1315 584 1366 626; x_wconf 92' lang='lat' dir='ltr'><strong>mc</strong></span> <span class='ocrx_word' id='word_1_35' title='bbox 1388 566 1486 627; x_wconf 88' lang='lat' dir='ltr'><strong>liben-</strong></span> 
     </span>
     <span class='ocr_line' id='line_1_5' title="bbox 159 641 1484 735; baseline 0.01 -32"><span class='ocrx_word' id='word_1_36' title='bbox 159 652 210 703; x_wconf 84' lang='lat' dir='ltr'><strong>ter</strong></span> <span class='ocrx_word' id='word_1_37' title='bbox 232 662 268 704; x_wconf 82' lang='lat' dir='ltr'><strong>ae</strong></span> <span class='ocrx_word' id='word_1_38' title='bbox 290 641 429 705; x_wconf 80' lang='lat' dir='ltr'><strong>studiose</strong></span> <span class='ocrx_word' id='word_1_39' title='bbox 452 663 519 703; x_wconf 88' lang='lat' dir='ltr'><strong>esse</strong></span> <span class='ocrx_word' id='word_1_40' title='bbox 547 641 703 705; x_wconf 68' lang='lat' dir='ltr'><strong>tacitarum</strong></span> <span class='ocrx_word' id='word_1_41' title='bbox 726 646 872 721; x_wconf 80' lang='lat'>(1537).”</span> <span class='ocrx_word' id='word_1_42' title='bbox 901 682 943 697; x_wconf 86' lang='lat'><em>-</em></span> <span class='ocrx_word' id='word_1_43' title='bbox 970 646 1062 709; x_wconf 82' lang='lat' dir='ltr'><strong>Hane</strong></span> <span class='ocrx_word' id='word_1_44' title='bbox 1081 649 1225 714; x_wconf 83' lang='lat' dir='ltr'><strong>Victorii</strong></span> <span class='ocrx_word' id='word_1_45' title='bbox 1250 656 1484 735; x_wconf 75' lang='lat' dir='ltr'><strong>professionem</strong></span> 
     </span>
     <span class='ocr_line' id='line_1_6' title="bbox 159 736 1451 820; baseline 0.015 -23"><span class='ocrx_word' id='word_1_46' title='bbox 159 756 223 820; x_wconf 84' lang='lat' dir='ltr'><strong>ego</strong></span> <span class='ocrx_word' id='word_1_47' title='bbox 245 757 342 797; x_wconf 78' lang='lat' dir='ltr'><strong>arreum</strong></span> <span class='ocrx_word' id='word_1_48' title='bbox 364 736 424 798; x_wconf 85' lang='lat' dir='ltr'><strong>leci</strong></span> <span class='ocrx_word' id='word_1_49' title='bbox 445 756 632 819; x_wconf 79' lang='lat' dir='ltr'><strong>semperque</strong></span> <span class='ocrx_word' id='word_1_50' title='bbox 655 736 784 814; x_wconf 78' lang='lat' dir='ltr'><strong>faciam,</strong></span> <span class='ocrx_word' id='word_1_51' title='bbox 817 739 907 802; x_wconf 79' lang='lat' dir='ltr'><strong>etism</strong></span> <span class='ocrx_word' id='word_1_52' title='bbox 937 740 990 802; x_wconf 80' lang='grc'><strong>010</strong></span> <span class='ocrx_word' id='word_1_53' title='bbox 1021 744 1165 805; x_wconf 78' lang='lat' dir='ltr'><strong>acerbius</strong></span> <span class='ocrx_word' id='word_1_54' title='bbox 1188 746 1358 813; x_wconf 85' lang='lat' dir='ltr'><strong>lacessitus</strong></span> <span class='ocrx_word' id='word_1_55' title='bbox 1379 774 1451 816; x_wconf 81' lang='lat' dir='ltr'><strong>eru.</strong></span> 
     </span>
    </p>
   </div>
   <div class='ocr_carea' id='block_1_3' title="bbox 158 833 1481 1018">
    <p class='ocr_par' dir='ltr' id='par_1_3' title="bbox 158 833 1481 1018">
     <span class='ocr_line' id='line_1_7' title="bbox 241 833 1481 920; baseline 0.016 -22"><span class='ocrx_word' id='word_1_56' title='bbox 241 866 284 879; x_wconf 91' lang='lat'><strong>-·</strong></span> <span class='ocrx_word' id='word_1_57' title='bbox 304 872 345 882; x_wconf 86' lang='lat'><strong>-</strong></span> <span class='ocrx_word' id='word_1_58' title='bbox 373 852 445 899; x_wconf 88' lang='lat' dir='ltr'><strong>eum</strong></span> <span class='ocrx_word' id='word_1_59' title='bbox 471 835 616 920; x_wconf 78' lang='lat' dir='ltr'><strong>praefat.</strong></span> <span class='ocrx_word' id='word_1_60' title='bbox 636 835 684 901; x_wconf 91' lang='lat' dir='ltr'><strong>Iu.</strong></span> <span class='ocrx_word' id='word_1_61' title='bbox 706 833 843 904; x_wconf 88' lang='lat' dir='ltr'><strong>Sturmii</strong></span> <span class='ocrx_word' id='word_1_62' title='bbox 868 841 902 902; x_wconf 89' lang='lat' dir='ltr'><strong>et</strong></span> <span class='ocrx_word' id='word_1_63' title='bbox 928 837 1024 904; x_wconf 80' lang='lat' dir='ltr'><strong>l&#39;rtuli</strong></span> <span class='ocrx_word' id='word_1_64' title='bbox 1048 840 1193 907; x_wconf 86' lang='lat' dir='ltr'><strong>Munatii</strong></span> <span class='ocrx_word' id='word_1_65' title='bbox 1220 852 1391 915; x_wconf 73' lang='lat' dir='ltr'><strong>annotatt.</strong></span> <span class='ocrx_word' id='word_1_66' title='bbox 1413 852 1481 918; x_wconf 81' lang='lat' dir='ltr'><strong>Ar-</strong></span> 
     </span>
     <span class='ocr_line' id='line_1_8' title="bbox 158 916 703 1018; baseline -0.002 -25"><span class='ocrx_word' id='word_1_67' title='bbox 158 928 327 1018; x_wconf 78' lang='lat' dir='ltr'><strong>gentorali</strong></span> <span class='ocrx_word' id='word_1_68' title='bbox 352 924 465 992; x_wconf 86' lang='grc'><strong>1582.</strong></span> <span class='ocrx_word' id='word_1_69' title='bbox 508 929 543 992; x_wconf 93' lang='grc'><strong>8.</strong></span> <span class='ocrx_word' id='word_1_70' title='bbox 695 916 703 943; x_wconf 78' lang='lat'>⁸</span> 
     </span>
    </p>
   </div>
   <div class='ocr_carea' id='block_1_4' title="bbox 240 1015 1481 1108">
    <p class='ocr_par' dir='ltr' id='par_1_4' title="bbox 240 1015 1481 1108">
     <span class='ocr_line' id='line_1_9' title="bbox 240 1015 1481 1108; baseline 0.016 -27"><span class='ocrx_word' id='word_1_71' title='bbox 240 1015 310 1094; x_wconf 72' lang='lat' dir='ltr'><strong>fi*</strong></span> <span class='ocrx_word' id='word_1_72' title='bbox 334 1045 372 1061; x_wconf 83' lang='lat'>-</span> <span class='ocrx_word' id='word_1_73' title='bbox 398 1021 572 1106; x_wconf 76' lang='lat' dir='ltr'><strong>ltpistolae</strong></span> <span class='ocrx_word' id='word_1_74' title='bbox 599 1021 643 1087; x_wconf 88' lang='grc'><strong>00</strong></span> <span class='ocrx_word' id='word_1_75' title='bbox 669 1022 706 1087; x_wconf 83' lang='grc' dir='ltr'><strong>Τ.</strong></span> <span class='ocrx_word' id='word_1_76' title='bbox 728 1022 942 1108; x_wconf 86' lang='lat' dir='ltr'><strong>Pumpuuium</strong></span> <span class='ocrx_word' id='word_1_77' title='bbox 963 1024 1113 1093; x_wconf 86' lang='lat' dir='ltr'><strong>Atticum</strong></span> <span class='ocrx_word' id='word_1_78' title='bbox 1135 1047 1179 1094; x_wconf 83' lang='lat' dir='ltr'><strong>ex</strong></span> <span class='ocrx_word' id='word_1_79' title='bbox 1201 1030 1266 1097; x_wconf 87' lang='lat' dir='ltr'><strong>tide</strong></span> <span class='ocrx_word' id='word_1_80' title='bbox 1287 1038 1481 1103; x_wconf 83' lang='lat' dir='ltr'><strong>vetustissi-</strong></span> 
     </span>
    </p>
   </div>
   <div class='ocr_carea' id='block_1_5' title="bbox 59 1114 1480 1679">
    <p class='ocr_par' dir='ltr' id='par_1_5' title="bbox 59 1114 1480 1679">
     <span class='ocr_line' id='line_1_10' title="bbox 156 1114 1480 1215; baseline 0.011 -34"><span class='ocrx_word' id='word_1_81' title='bbox 156 1136 278 1181; x_wconf 91' lang='lat' dir='ltr'><strong>morum</strong></span> <span class='ocrx_word' id='word_1_82' title='bbox 301 1114 449 1182; x_wconf 88' lang='lat' dir='ltr'><strong>codicum</strong></span> <span class='ocrx_word' id='word_1_83' title='bbox 472 1114 680 1203; x_wconf 76' lang='lat' dir='ltr'><strong>emendat-ae,</strong></span> <span class='ocrx_word' id='word_1_84' title='bbox 706 1116 817 1181; x_wconf 86' lang='lat' dir='ltr'><strong>studio</strong></span> <span class='ocrx_word' id='word_1_85' title='bbox 840 1120 875 1182; x_wconf 93' lang='lat' dir='ltr'><strong>et</strong></span> <span class='ocrx_word' id='word_1_86' title='bbox 897 1137 999 1203; x_wconf 88' lang='lat' dir='ltr'><strong>opera</strong></span> <span class='ocrx_word' id='word_1_87' title='bbox 1018 1116 1183 1187; x_wconf 88' lang='lat' dir='ltr'><strong>Simeonis</strong></span> <span class='ocrx_word' id='word_1_88' title='bbox 1204 1124 1316 1215; x_wconf 85' lang='lat' dir='ltr'><strong>Busii,</strong></span> <span class='ocrx_word' id='word_1_89' title='bbox 1338 1127 1480 1195; x_wconf 87' lang='lat' dir='ltr'><strong>Praetu·</strong></span> 
     </span>
     <span class='ocr_line' id='line_1_11' title="bbox 155 1204 1479 1299; baseline 0.006 -26"><span class='ocrx_word' id='word_1_90' title='bbox 155 1214 202 1275; x_wconf 88' lang='lat' dir='ltr'><strong>ris</strong></span> <span class='ocrx_word' id='word_1_91' title='bbox 219 1204 475 1276; x_wconf 83' lang='lat' dir='ltr'><strong>Lemovieensis.</strong></span> <span class='ocrx_word' id='word_1_92' title='bbox 517 1207 673 1273; x_wconf 79' lang='lat' dir='ltr'><strong>llirtsdem</strong></span> <span class='ocrx_word' id='word_1_93' title='bbox 694 1209 1013 1277; x_wconf 81' lang='lat' dir='ltr'><strong>Animadversiones</strong></span> <span class='ocrx_word' id='word_1_94' title='bbox 1035 1212 1079 1277; x_wconf 90' lang='grc'><strong>00</strong></span> <span class='ocrx_word' id='word_1_95' title='bbox 1100 1217 1246 1299; x_wconf 84' lang='lat' dir='ltr'><strong>ampliss.</strong></span> <span class='ocrx_word' id='word_1_96' title='bbox 1269 1222 1379 1287; x_wconf 83' lang='lat' dir='ltr'><strong>virum</strong></span> <span class='ocrx_word' id='word_1_97' title='bbox 1400 1224 1479 1289; x_wconf 84' lang='lat' dir='ltr'><strong>Plii.</strong></span> 
     </span>
     <span class='ocr_line' id='line_1_12' title="bbox 154 1299 1479 1390; baseline 0.011 -21"><span class='ocrx_word' id='word_1_98' title='bbox 154 1306 278 1390; x_wconf 87' lang='lat' dir='ltr'><strong>lippum</strong></span> <span class='ocrx_word' id='word_1_99' title='bbox 298 1304 473 1369; x_wconf 86' lang='lat' dir='ltr'><strong>Huraltum</strong></span> <span class='ocrx_word' id='word_1_100' title='bbox 491 1299 719 1389; x_wconf 81' lang='lat' dir='ltr'><strong>Cltiverniam,</strong></span> <span class='ocrx_word' id='word_1_101' title='bbox 741 1303 869 1371; x_wconf 87' lang='lat' dir='ltr'><strong>Galliae</strong></span> <span class='ocrx_word' id='word_1_102' title='bbox 893 1305 1201 1375; x_wconf 85' lang='lat' dir='ltr'><strong>Prueaneellariam.</strong></span> <span class='ocrx_word' id='word_1_103' title='bbox 1244 1312 1394 1381; x_wconf 84' lang='lat' dir='ltr'><strong>Ratiasti</strong></span> <span class='ocrx_word' id='word_1_104' title='bbox 1414 1319 1479 1385; x_wconf 78' lang='lat' dir='ltr'><strong>ln-</strong></span> 
     </span>
     <span class='ocr_line' id='line_1_13' title="bbox 153 1396 1478 1499; baseline 0.006 -35"><span class='ocrx_word' id='word_1_105' title='bbox 153 1402 330 1483; x_wconf 85' lang='lat' dir='ltr'><strong>movioum,</strong></span> <span class='ocrx_word' id='word_1_106' title='bbox 351 1396 441 1483; x_wconf 89' lang='lat' dir='ltr'><strong>apud</strong></span> <span class='ocrx_word' id='word_1_107' title='bbox 461 1397 637 1486; x_wconf 79' lang='lat' dir='ltr'><strong>liuguncm</strong></span> <span class='ocrx_word' id='word_1_108' title='bbox 659 1398 825 1463; x_wconf 83' lang='lat' dir='ltr'><strong>Barbuum</strong></span> <span class='ocrx_word' id='word_1_109' title='bbox 849 1397 963 1463; x_wconf 93' lang='grc'><strong>1580.</strong></span> <span class='ocrx_word' id='word_1_110' title='bbox 992 1396 1072 1466; x_wconf 83' lang='lat' dir='ltr'><strong>Cum</strong></span> <span class='ocrx_word' id='word_1_111' title='bbox 1095 1405 1273 1495; x_wconf 76' lang='lat' dir='ltr'><strong>privilegiu</strong></span> <span class='ocrx_word' id='word_1_112' title='bbox 1295 1408 1415 1499; x_wconf 77' lang='lat' dir='ltr'><strong>Regis.</strong></span> <span class='ocrx_word' id='word_1_113' title='bbox 1445 1414 1478 1477; x_wconf 84' lang='grc'><strong>8.</strong></span> 
     </span>
     <span class='ocr_line' id='line_1_14' title="bbox 59 1489 1474 1582; baseline -0.001 -22"><span class='ocrx_word' id='word_1_114' title='bbox 59 1554 62 1563; x_wconf 92' lang='grc'>,</span> <span class='ocrx_word' id='word_1_115' title='bbox 150 1494 178 1582; x_wconf 77' lang='grc' dir='ltr'><strong>[ἶ</strong></span> <span class='ocrx_word' id='word_1_116' title='bbox 196 1490 235 1561; x_wconf 83' lang='grc'><strong>4.</strong></span> <span class='ocrx_word' id='word_1_117' title='bbox 257 1512 327 1559; x_wconf 84' lang='lat' dir='ltr'><strong>uua</strong></span> <span class='ocrx_word' id='word_1_118' title='bbox 347 1510 440 1557; x_wconf 82' lang='grc'><strong>0000.</strong></span> <span class='ocrx_word' id='word_1_119' title='bbox 458 1510 559 1577; x_wconf 79' lang='lat' dir='ltr'><strong>prtpp.</strong></span> <span class='ocrx_word' id='word_1_120' title='bbox 575 1489 671 1556; x_wconf 87' lang='grc'><strong>022.</strong></span> <span class='ocrx_word' id='word_1_121' title='bbox 686 1489 714 1574; x_wconf 80' lang='lat' dir='ltr'><strong>f.</strong></span> <span class='ocrx_word' id='word_1_122' title='bbox 730 1492 798 1556; x_wconf 88' lang='grc'><strong>21.</strong></span> <span class='ocrx_word' id='word_1_123' title='bbox 821 1489 1005 1578; x_wconf 83' lang='lat' dir='ltr'><strong>interpret.</strong></span> <span class='ocrx_word' id='word_1_124' title='bbox 1023 1491 1163 1561; x_wconf 77' lang='lat' dir='ltr'><strong>Graeco</strong></span> <span class='ocrx_word' id='word_1_125' title='bbox 1185 1504 1220 1563; x_wconf 86' lang='lat' dir='ltr'><strong>et</strong></span> <span class='ocrx_word' id='word_1_126' title='bbox 1239 1508 1374 1567; x_wconf 81' lang='lat' dir='ltr'><strong>erratu.</strong></span> <span class='ocrx_word' id='word_1_127' title='bbox 1405 1503 1474 1572; x_wconf 63' lang='lat' dir='ltr'><strong>Se.</strong></span> 
     </span>
     <span class='ocr_line' id='line_1_15' title="bbox 153 1580 1475 1679; baseline 0.002 -25"><span class='ocrx_word' id='word_1_128' title='bbox 153 1580 323 1679; x_wconf 75' lang='lat' dir='ltr'><strong>ptematrus</strong></span> <span class='ocrx_word' id='word_1_129' title='bbox 344 1582 510 1651; x_wconf 77' lang='lat' dir='ltr'><strong>Simeonis</strong></span> <span class='ocrx_word' id='word_1_130' title='bbox 524 1583 616 1648; x_wconf 84' lang='lat' dir='ltr'><strong>Busii</strong></span> <span class='ocrx_word' id='word_1_131' title='bbox 634 1583 745 1649; x_wconf 88' lang='lat' dir='ltr'><strong>Praet.</strong></span> <span class='ocrx_word' id='word_1_132' title='bbox 759 1585 894 1650; x_wconf 60' lang='lat' dir='ltr'><strong>luemuv.</strong></span> <span class='ocrx_word' id='word_1_133' title='bbox 909 1586 1159 1655; x_wconf 76' lang='lat' dir='ltr'><strong>Animadversa</strong></span> <span class='ocrx_word' id='word_1_134' title='bbox 1173 1593 1207 1655; x_wconf 91' lang='lat' dir='ltr'><strong>in</strong></span> <span class='ocrx_word' id='word_1_135' title='bbox 1222 1593 1311 1679; x_wconf 81' lang='lat' dir='ltr'><strong>Epp.</strong></span> <span class='ocrx_word' id='word_1_136' title='bbox 1326 1596 1379 1663; x_wconf 86' lang='lat' dir='ltr'><strong>M.</strong></span> <span class='ocrx_word' id='word_1_137' title='bbox 1392 1597 1430 1663; x_wconf 83' lang='grc' dir='ltr'><strong>Τ.</strong></span> <span class='ocrx_word' id='word_1_138' title='bbox 1441 1596 1475 1665; x_wconf 83' lang='lat' dir='ltr'><strong>c.</strong></span> 
     </span>
    </p>
   </div>
   <div class='ocr_carea' id='block_1_6' title="bbox 151 1676 1474 1865">
    <p class='ocr_par' dir='ltr' id='par_1_6' title="bbox 151 1676 1474 1865">
     <span class='ocr_line' id='line_1_16' title="bbox 152 1676 1474 1777; baseline 0.005 -29"><span class='ocrx_word' id='word_1_139' title='bbox 152 1680 197 1749; x_wconf 89' lang='lat' dir='ltr'><strong>ad</strong></span> <span class='ocrx_word' id='word_1_140' title='bbox 218 1680 257 1747; x_wconf 87' lang='lat' dir='ltr'><strong>&#39;l&#39;.</strong></span> <span class='ocrx_word' id='word_1_141' title='bbox 279 1678 318 1745; x_wconf 84' lang='grc' dir='ltr'><strong>Ρ.</strong></span> <span class='ocrx_word' id='word_1_142' title='bbox 340 1679 415 1747; x_wconf 80' lang='lat' dir='ltr'><strong>Aa.</strong></span> <span class='ocrx_word' id='word_1_143' title='bbox 455 1676 514 1743; x_wconf 82' lang='lat' dir='ltr'><strong>Ad</strong></span> <span class='ocrx_word' id='word_1_144' title='bbox 537 1716 578 1727; x_wconf 90' lang='lat'><em>-</em></span> <span class='ocrx_word' id='word_1_145' title='bbox 601 1676 912 1745; x_wconf 87' lang='lat' dir='ltr'><strong>Procaneeliarium.</strong></span> <span class='ocrx_word' id='word_1_146' title='bbox 939 1680 1052 1774; x_wconf 73' lang='lat' dir='ltr'><strong>ibid,</strong></span> <span class='ocrx_word' id='word_1_147' title='bbox 1080 1682 1124 1747; x_wconf 89' lang='lat' dir='ltr'><strong>id.</strong></span> <span class='ocrx_word' id='word_1_148' title='bbox 1151 1684 1268 1753; x_wconf 88' lang='grc'><strong>1580.</strong></span> <span class='ocrx_word' id='word_1_149' title='bbox 1313 1692 1349 1754; x_wconf 93' lang='grc'><strong>8.</strong></span> <span class='ocrx_word' id='word_1_150' title='bbox 1389 1690 1474 1777; x_wconf 73' lang='lat' dir='ltr'><strong>aa.</strong></span> 
     </span>
     <span class='ocr_line' id='line_1_17' title="bbox 151 1769 493 1865; baseline -0.015 -24"><span class='ocrx_word' id='word_1_151' title='bbox 151 1795 254 1865; x_wconf 76' lang='lat' dir='ltr'><strong>pepp.</strong></span> <span class='ocrx_word' id='word_1_152' title='bbox 274 1769 374 1841; x_wconf 74' lang='grc'><strong>872.</strong></span> <span class='ocrx_word' id='word_1_153' title='bbox 416 1770 493 1837; x_wconf 79' lang='lat' dir='ltr'><strong>lta.</strong></span> 
     </span>
    </p>
   </div>
   <div class='ocr_carea' id='block_1_7' title="bbox 149 1858 1472 2617">
    <p class='ocr_par' dir='ltr' id='par_1_7' title="bbox 151 1858 1472 2129">
     <span class='ocr_line' id='line_1_18' title="bbox 235 1858 1471 1944; baseline 0.005 -14"><span class='ocrx_word' id='word_1_154' title='bbox 235 1864 321 1931; x_wconf 83' lang='lat' dir='ltr'><strong>Usus</strong></span> <span class='ocrx_word' id='word_1_155' title='bbox 343 1873 391 1925; x_wconf 90' lang='lat' dir='ltr'><strong>est</strong></span> <span class='ocrx_word' id='word_1_156' title='bbox 413 1860 519 1926; x_wconf 80' lang='lat' dir='ltr'><strong>cett.</strong></span> <span class='ocrx_word' id='word_1_157' title='bbox 541 1858 644 1922; x_wconf 89' lang='lat' dir='ltr'><strong>tribus</strong></span> <span class='ocrx_word' id='word_1_158' title='bbox 668 1858 815 1940; x_wconf 85' lang='lat' dir='ltr'><strong>optimis,</strong></span> <span class='ocrx_word' id='word_1_159' title='bbox 844 1881 927 1922; x_wconf 82' lang='lat' dir='ltr'><strong>utine</strong></span> <span class='ocrx_word' id='word_1_160' title='bbox 949 1862 1119 1944; x_wconf 73' lang='lat' dir='ltr'><strong>deperditis</strong></span> <span class='ocrx_word' id='word_1_161' title='bbox 1144 1867 1195 1930; x_wconf 88' lang='lat' dir='ltr'><strong>vel</strong></span> <span class='ocrx_word' id='word_1_162' title='bbox 1221 1868 1331 1935; x_wconf 83' lang='lat' dir='ltr'><strong>neseio</strong></span> <span class='ocrx_word' id='word_1_163' title='bbox 1354 1871 1407 1935; x_wconf 91' lang='lat' dir='ltr'><strong>ubi</strong></span> <span class='ocrx_word' id='word_1_164' title='bbox 1430 1874 1471 1935; x_wconf 80' lang='lat' dir='ltr'><strong>la·</strong></span> 
     </span>
     <span class='ocr_line' id='line_1_19' title="bbox 151 1953 1472 2041; baseline 0.007 -20"><span class='ocrx_word' id='word_1_165' title='bbox 151 1956 302 2023; x_wconf 82' lang='lat' dir='ltr'><strong>tentibus.</strong></span> <span class='ocrx_word' id='word_1_166' title='bbox 343 1955 430 2019; x_wconf 86' lang='lat' dir='ltr'><strong>Vide</strong></span> <span class='ocrx_word' id='word_1_167' title='bbox 450 1954 539 2019; x_wconf 89' lang='lat' dir='ltr'><strong>Hist.</strong></span> <span class='ocrx_word' id='word_1_168' title='bbox 571 1974 668 2015; x_wconf 82' lang='lat' dir='ltr'><strong>meam</strong></span> <span class='ocrx_word' id='word_1_169' title='bbox 696 1953 768 2016; x_wconf 90' lang='lat' dir='ltr'><strong>erit.</strong></span> <span class='ocrx_word' id='word_1_170' title='bbox 800 1956 886 2036; x_wconf 89' lang='lat' dir='ltr'><strong>Epp.</strong></span> <span class='ocrx_word' id='word_1_171' title='bbox 916 1958 956 2016; x_wconf 81' lang='lat' dir='ltr'><strong>ad</strong></span> <span class='ocrx_word' id='word_1_172' title='bbox 978 1958 1048 2018; x_wconf 89' lang='lat' dir='ltr'><strong>Att.</strong></span> <span class='ocrx_word' id='word_1_173' title='bbox 1093 1960 1261 2041; x_wconf 78' lang='lat' dir='ltr'><strong>Repetitae</strong></span> <span class='ocrx_word' id='word_1_174' title='bbox 1291 1976 1367 2027; x_wconf 91' lang='lat' dir='ltr'><strong>sunt</strong></span> <span class='ocrx_word' id='word_1_175' title='bbox 1389 1966 1472 2030; x_wconf 86' lang='lat' dir='ltr'><strong>Bosii</strong></span> 
     </span>
     <span class='ocr_line' id='line_1_20' title="bbox 151 2046 1249 2129; baseline 0.001 -12"><span class='ocrx_word' id='word_1_176' title='bbox 151 2051 345 2117; x_wconf 79' lang='lat' dir='ltr'><strong>Animadvu.</strong></span> <span class='ocrx_word' id='word_1_177' title='bbox 388 2046 611 2121; x_wconf 72' lang='lat' dir='ltr'><strong>annuerunt,</strong></span> <span class='ocrx_word' id='word_1_178' title='bbox 634 2050 716 2129; x_wconf 81' lang='lat' dir='ltr'><strong>apud</strong></span> <span class='ocrx_word' id='word_1_179' title='bbox 738 2048 841 2111; x_wconf 82' lang='lat' dir='ltr'><strong>Andr.</strong></span> <span class='ocrx_word' id='word_1_180' title='bbox 866 2049 1053 2112; x_wconf 87' lang='lat' dir='ltr'><strong>Weehelmn</strong></span> <span class='ocrx_word' id='word_1_181' title='bbox 1077 2054 1170 2116; x_wconf 84' lang='grc'><strong>1580.</strong></span> <span class='ocrx_word' id='word_1_182' title='bbox 1214 2056 1249 2118; x_wconf 87' lang='grc'><strong>8.</strong></span> 
     </span>
    </p>

    <p class='ocr_par' dir='ltr' id='par_1_8' title="bbox 149 2141 1470 2617">
     <span class='ocr_line' id='line_1_21' title="bbox 232 2141 1470 2241; baseline 0.011 -30"><span class='ocrx_word' id='word_1_183' title='bbox 232 2162 257 2227; x_wconf 83' lang='grc' dir='ltr'>ε</span> <span class='ocrx_word' id='word_1_184' title='bbox 275 2174 316 2191; x_wconf 89' lang='grc'>-</span> <span class='ocrx_word' id='word_1_185' title='bbox 336 2178 379 2191; x_wconf 89' lang='grc'>-</span> <span class='ocrx_word' id='word_1_186' title='bbox 398 2148 455 2213; x_wconf 83' lang='lat' dir='ltr'><strong>lllx</strong></span> <span class='ocrx_word' id='word_1_187' title='bbox 475 2146 541 2213; x_wconf 88' lang='lat' dir='ltr'><strong>lide</strong></span> <span class='ocrx_word' id='word_1_188' title='bbox 560 2148 730 2211; x_wconf 79' lang='lat' dir='ltr'><strong>vetustiss.</strong></span> <span class='ocrx_word' id='word_1_189' title='bbox 748 2141 851 2211; x_wconf 84' lang='lat' dir='ltr'><strong>cuna.</strong></span> <span class='ocrx_word' id='word_1_190' title='bbox 875 2148 1069 2215; x_wconf 76' lang='lat' dir='ltr'><strong>emendatae</strong></span> <span class='ocrx_word' id='word_1_191' title='bbox 1089 2151 1199 2217; x_wconf 82' lang='lat' dir='ltr'><strong>studio</strong></span> <span class='ocrx_word' id='word_1_192' title='bbox 1220 2159 1256 2220; x_wconf 86' lang='lat' dir='ltr'><strong>et</strong></span> <span class='ocrx_word' id='word_1_193' title='bbox 1276 2176 1382 2241; x_wconf 84' lang='lat' dir='ltr'><strong>opera</strong></span> <span class='ocrx_word' id='word_1_194' title='bbox 1395 2156 1470 2227; x_wconf 86' lang='lat' dir='ltr'><strong>Sim.</strong></span> 
     </span>
     <span class='ocr_line' id='line_1_22' title="bbox 149 2237 1468 2339; baseline 0.004 -25"><span class='ocrx_word' id='word_1_195' title='bbox 149 2247 253 2314; x_wconf 85' lang='lat' dir='ltr'><strong>Basti.</strong></span> <span class='ocrx_word' id='word_1_196' title='bbox 277 2240 434 2311; x_wconf 78' lang='lat' dir='ltr'><strong>atumem</strong></span> <span class='ocrx_word' id='word_1_197' title='bbox 448 2237 650 2306; x_wconf 79' lang='lat' dir='ltr'><strong>Animadvv.</strong></span> <span class='ocrx_word' id='word_1_198' title='bbox 666 2258 814 2303; x_wconf 84' lang='lat' dir='ltr'><strong>seorsum</strong></span> <span class='ocrx_word' id='word_1_199' title='bbox 830 2240 871 2303; x_wconf 93' lang='lat' dir='ltr'><strong>im</strong></span> <span class='ocrx_word' id='word_1_200' title='bbox 897 2260 1020 2307; x_wconf 79' lang='lat' dir='ltr'><strong>ressrte.</strong></span> <span class='ocrx_word' id='word_1_201' title='bbox 1045 2244 1267 2331; x_wconf 78' lang='lat' dir='ltr'><strong>Aritverpiae,</strong></span> <span class='ocrx_word' id='word_1_202' title='bbox 1282 2248 1468 2339; x_wconf 85' lang='lat' dir='ltr'><strong>Cirristuplr.</strong></span> 
     </span>
     <span class='ocr_line' id='line_1_23' title="bbox 150 2260 1468 2430; baseline -0.001 -22"><span class='ocrx_word' id='word_1_203' title='bbox 150 2341 326 2408; x_wconf 88' lang='lat' dir='ltr'><strong>Plautinus</strong></span> <span class='ocrx_word' id='word_1_204' title='bbox 348 2332 463 2402; x_wconf 91' lang='grc'><strong>1582.</strong></span> <span class='ocrx_word' id='word_1_205' title='bbox 497 2334 533 2397; x_wconf 92' lang='lat' dir='ltr'><strong>a.</strong></span> <span class='ocrx_word' id='word_1_206' title='bbox 572 2260 1266 2430; x_wconf 51' lang='grc'><strong>11000000000000100001804.</strong></span> <span class='ocrx_word' id='word_1_207' title='bbox 1290 2344 1327 2408; x_wconf 86' lang='grc'><strong>1.</strong></span> <span class='ocrx_word' id='word_1_208' title='bbox 1348 2348 1468 2413; x_wconf 74' lang='lat' dir='ltr'><strong>ultrum.</strong></span> 
     </span>
     <span class='ocr_line' id='line_1_24' title="bbox 149 2423 1467 2510; baseline 0.005 -9"><span class='ocrx_word' id='word_1_209' title='bbox 149 2434 302 2501; x_wconf 79' lang='lat' dir='ltr'><strong>Detttde:</strong></span> <span class='ocrx_word' id='word_1_210' title='bbox 330 2428 531 2497; x_wconf 83' lang='lat' dir='ltr'><strong>Animadvv.</strong></span> <span class='ocrx_word' id='word_1_211' title='bbox 552 2425 632 2494; x_wconf 90' lang='lat' dir='ltr'><strong>Sim.</strong></span> <span class='ocrx_word' id='word_1_212' title='bbox 655 2426 746 2491; x_wconf 83' lang='lat' dir='ltr'><strong>Busit</strong></span> <span class='ocrx_word' id='word_1_213' title='bbox 769 2427 802 2489; x_wconf 88' lang='lat' dir='ltr'><strong>in</strong></span> <span class='ocrx_word' id='word_1_214' title='bbox 824 2425 909 2510; x_wconf 79' lang='lat' dir='ltr'><strong>lipp.</strong></span> <span class='ocrx_word' id='word_1_215' title='bbox 932 2423 998 2493; x_wconf 87' lang='lat' dir='ltr'><strong>Cic.</strong></span> <span class='ocrx_word' id='word_1_216' title='bbox 1022 2430 1245 2500; x_wconf 71' lang='grc' dir='ltr'><strong>0011000ιο.</strong></span> <span class='ocrx_word' id='word_1_217' title='bbox 1287 2436 1402 2505; x_wconf 78' lang='lat' dir='ltr'><strong>Editio</strong></span> <span class='ocrx_word' id='word_1_218' title='bbox 1429 2444 1467 2507; x_wconf 87' lang='lat' dir='ltr'><strong>ab</strong></span> 
     </span>
     <span class='ocr_line' id='line_1_25' title="bbox 149 2518 1468 2617; baseline 0.002 -23"><span class='ocrx_word' id='word_1_219' title='bbox 149 2526 379 2595; x_wconf 81' lang='lat' dir='ltr'><strong>emendatione</strong></span> <span class='ocrx_word' id='word_1_220' title='bbox 404 2524 509 2608; x_wconf 84' lang='lat' dir='ltr'><strong>ipsius</strong></span> <span class='ocrx_word' id='word_1_221' title='bbox 535 2522 682 2588; x_wconf 86' lang='lat' dir='ltr'><strong>aucturis</strong></span> <span class='ocrx_word' id='word_1_222' title='bbox 704 2521 827 2584; x_wconf 88' lang='lat' dir='ltr'><strong>ultima.</strong></span> <span class='ocrx_word' id='word_1_223' title='bbox 870 2518 972 2604; x_wconf 85' lang='lat' dir='ltr'><strong>ibid,</strong></span> <span class='ocrx_word' id='word_1_224' title='bbox 996 2521 1037 2586; x_wconf 91' lang='lat' dir='ltr'><strong>id.</strong></span> <span class='ocrx_word' id='word_1_225' title='bbox 1063 2523 1178 2590; x_wconf 84' lang='grc'><strong>1585.</strong></span> <span class='ocrx_word' id='word_1_226' title='bbox 1223 2528 1258 2595; x_wconf 94' lang='grc'><strong>8.</strong></span> <span class='ocrx_word' id='word_1_227' title='bbox 1298 2530 1384 2617; x_wconf 67' lang='lat' dir='ltr'><strong>fii.</strong></span> <span class='ocrx_word' id='word_1_228' title='bbox 1404 2555 1468 2601; x_wconf 72' lang='lat' dir='ltr'><strong>ima</strong></span> 
     </span>
    </p>
   </div>
   <div class='ocr_carea' id='block_1_8' title="bbox 148 2616 488 2707">
    <p class='ocr_par' dir='ltr' id='par_1_9' title="bbox 148 2616 488 2707">
     <span class='ocr_line' id='line_1_26' title="bbox 148 2616 488 2707; baseline -0.021 -19"><span class='ocrx_word' id='word_1_229' title='bbox 148 2640 241 2688; x_wconf 77' lang='grc'><strong>0000.</strong></span> <span class='ocrx_word' id='word_1_230' title='bbox 264 2640 364 2707; x_wconf 78' lang='lat' dir='ltr'><strong>pepp.</strong></span> <span class='ocrx_word' id='word_1_231' title='bbox 388 2616 488 2685; x_wconf 80' lang='lat'><strong><em>208.</em></strong></span> 
     </span>
    </p>
   </div>
   <div class='ocr_carea' id='block_1_9' title="bbox 139 2700 1465 4115">
    <p class='ocr_par' dir='ltr' id='par_1_10' title="bbox 143 2700 1465 3545">
     <span class='ocr_line' id='line_1_27' title="bbox 233 2700 1465 2781; baseline 0.008 -10"><span class='ocrx_word' id='word_1_232' title='bbox 233 2708 314 2775; x_wconf 89' lang='lat' dir='ltr'><strong>Cum</strong></span> <span class='ocrx_word' id='word_1_233' title='bbox 343 2710 402 2771; x_wconf 80' lang='lat' dir='ltr'><strong>liae</strong></span> <span class='ocrx_word' id='word_1_234' title='bbox 436 2705 626 2770; x_wconf 82' lang='lat' dir='ltr'><strong>Animadvv.</strong></span> <span class='ocrx_word' id='word_1_235' title='bbox 659 2700 809 2764; x_wconf 86' lang='lat' dir='ltr'><strong>Editiuuc</strong></span> <span class='ocrx_word' id='word_1_236' title='bbox 840 2702 993 2778; x_wconf 80' lang='lat' dir='ltr'><strong>sectanda,</strong></span> <span class='ocrx_word' id='word_1_237' title='bbox 1028 2706 1165 2772; x_wconf 80' lang='lat' dir='ltr'><strong>fortasse</strong></span> <span class='ocrx_word' id='word_1_238' title='bbox 1191 2714 1413 2780; x_wconf 76' lang='lat' dir='ltr'><strong>emendatiore</strong></span> <span class='ocrx_word' id='word_1_239' title='bbox 1437 2729 1465 2781; x_wconf 88' lang='lat' dir='ltr'><strong>et</strong></span> 
     </span>
     <span class='ocr_line' id='line_1_28' title="bbox 148 2794 1462 2886; baseline 0.004 -18"><span class='ocrx_word' id='word_1_240' title='bbox 148 2804 288 2868; x_wconf 82' lang='lat' dir='ltr'><strong>auctiore</strong></span> <span class='ocrx_word' id='word_1_241' title='bbox 308 2800 488 2864; x_wconf 86' lang='lat' dir='ltr'><strong>destitutum</strong></span> <span class='ocrx_word' id='word_1_242' title='bbox 510 2808 592 2859; x_wconf 85' lang='lat' dir='ltr'><strong>essct</strong></span> <span class='ocrx_word' id='word_1_243' title='bbox 613 2795 774 2876; x_wconf 81' lang='lat' dir='ltr'><strong>exerrrplar</strong></span> <span class='ocrx_word' id='word_1_244' title='bbox 789 2794 952 2858; x_wconf 80' lang='lat' dir='ltr'><strong>Bonnense</strong></span> <span class='ocrx_word' id='word_1_245' title='bbox 971 2798 1032 2864; x_wconf 88' lang='lat' dir='ltr'><strong>Ed.</strong></span> <span class='ocrx_word' id='word_1_246' title='bbox 1055 2803 1141 2883; x_wconf 86' lang='lat' dir='ltr'><strong>Epp.</strong></span> <span class='ocrx_word' id='word_1_247' title='bbox 1163 2806 1202 2867; x_wconf 81' lang='lat' dir='ltr'><strong>ad</strong></span> <span class='ocrx_word' id='word_1_248' title='bbox 1218 2808 1290 2869; x_wconf 77' lang='lat' dir='ltr'><strong>Att.</strong></span> <span class='ocrx_word' id='word_1_249' title='bbox 1315 2830 1346 2872; x_wconf 81' lang='grc'><strong>0.</strong></span> <span class='ocrx_word' id='word_1_250' title='bbox 1365 2813 1462 2886; x_wconf 74' lang='lat' dir='ltr'><strong>tuat,</strong></span> 
     </span>
     <span class='ocr_line' id='line_1_29' title="bbox 147 2887 1461 2971; baseline 0.002 -8"><span class='ocrx_word' id='word_1_251' title='bbox 147 2902 221 2963; x_wconf 88' lang='lat' dir='ltr'><strong>dum</strong></span> <span class='ocrx_word' id='word_1_252' title='bbox 240 2918 293 2961; x_wconf 80' lang='lat' dir='ltr'><strong>eas</strong></span> <span class='ocrx_word' id='word_1_253' title='bbox 315 2898 392 2971; x_wconf 88' lang='lat' dir='ltr'><strong>edu,</strong></span> <span class='ocrx_word' id='word_1_254' title='bbox 420 2904 586 2956; x_wconf 90' lang='lat' dir='ltr'><strong>contentus</strong></span> <span class='ocrx_word' id='word_1_255' title='bbox 605 2910 673 2953; x_wconf 86' lang='lat' dir='ltr'><strong>esse</strong></span> <span class='ocrx_word' id='word_1_256' title='bbox 689 2887 782 2951; x_wconf 88' lang='lat' dir='ltr'><strong>debui</strong></span> <span class='ocrx_word' id='word_1_257' title='bbox 797 2888 987 2968; x_wconf 76' lang='lat' dir='ltr'><strong>repetitione</strong></span> <span class='ocrx_word' id='word_1_258' title='bbox 1009 2895 1214 2961; x_wconf 80' lang='lat' dir='ltr'><strong>chlieliana</strong></span> <span class='ocrx_word' id='word_1_259' title='bbox 1237 2900 1303 2964; x_wconf 86' lang='lat' dir='ltr'><strong>Ed.</strong></span> <span class='ocrx_word' id='word_1_260' title='bbox 1328 2923 1360 2965; x_wconf 84' lang='grc'><strong>0.</strong></span> <span class='ocrx_word' id='word_1_261' title='bbox 1376 2904 1461 2969; x_wconf 81' lang='grc'><strong>1530.</strong></span> 
     </span>
     <span class='ocr_line' id='line_1_30' title="bbox 146 2981 1461 3072; baseline 0 -13"><span class='ocrx_word' id='word_1_262' title='bbox 146 2994 187 3059; x_wconf 85' lang='grc'><strong>10</strong></span> <span class='ocrx_word' id='word_1_263' title='bbox 207 2992 319 3059; x_wconf 83' lang='lat' dir='ltr'><strong>lacubi</strong></span> <span class='ocrx_word' id='word_1_264' title='bbox 341 2985 512 3072; x_wconf 84' lang='lat' dir='ltr'><strong>Bongursii</strong></span> <span class='ocrx_word' id='word_1_265' title='bbox 534 2985 649 3048; x_wconf 84' lang='lat' dir='ltr'><strong>inedita</strong></span> <span class='ocrx_word' id='word_1_266' title='bbox 673 2984 712 3045; x_wconf 83' lang='grc'><strong>00</strong></span> <span class='ocrx_word' id='word_1_267' title='bbox 727 2984 857 3046; x_wconf 88' lang='lat' dir='ltr'><strong>Petrmn</strong></span> <span class='ocrx_word' id='word_1_268' title='bbox 872 2981 1038 3049; x_wconf 79' lang='lat' dir='ltr'><strong>Danielem</strong></span> <span class='ocrx_word' id='word_1_269' title='bbox 1058 2990 1169 3055; x_wconf 87' lang='lat' dir='ltr'><strong>Lutet.</strong></span> <span class='ocrx_word' id='word_1_270' title='bbox 1186 2992 1271 3057; x_wconf 84' lang='lat' dir='ltr'><strong>IlX.</strong></span> <span class='ocrx_word' id='word_1_271' title='bbox 1290 2996 1461 3061; x_wconf 81' lang='lat' dir='ltr'><strong>Novembr.</strong></span> 
     </span>
     <span class='ocr_line' id='line_1_31' title="bbox 146 3072 1465 3169; baseline -0.001 -16"><span class='ocrx_word' id='word_1_272' title='bbox 146 3088 288 3153; x_wconf 74' lang='lat' dir='ltr'><strong>aluta.</strong></span> <span class='ocrx_word' id='word_1_273' title='bbox 305 3084 547 3169; x_wconf 57' lang='lat' dir='ltr'><strong>epistolarium</strong></span> <span class='ocrx_word' id='word_1_274' title='bbox 570 3089 751 3142; x_wconf 79' lang='lat' dir='ltr'><strong>asservatur</strong></span> <span class='ocrx_word' id='word_1_275' title='bbox 770 3074 802 3137; x_wconf 90' lang='lat' dir='ltr'><strong>in</strong></span> <span class='ocrx_word' id='word_1_276' title='bbox 821 3072 1021 3144; x_wconf 80' lang='lat' dir='ltr'><strong>Bibliotheca</strong></span> <span class='ocrx_word' id='word_1_277' title='bbox 1043 3083 1169 3164; x_wconf 78' lang='lat' dir='ltr'><strong>publice</strong></span> <span class='ocrx_word' id='word_1_278' title='bbox 1187 3086 1378 3169; x_wconf 77' lang='lat' dir='ltr'><strong>Basileensi,</strong></span> <span class='ocrx_word' id='word_1_279' title='bbox 1392 3090 1465 3153; x_wconf 77' lang='lat' dir='ltr'><strong>haee</strong></span> 
     </span>
     <span class='ocr_line' id='line_1_32' title="bbox 146 3166 1464 3267; baseline 0.002 -22"><span class='ocrx_word' id='word_1_280' title='bbox 146 3180 312 3267; x_wconf 78' lang='lat' dir='ltr'><strong>leguntius</strong></span> <span class='ocrx_word' id='word_1_281' title='bbox 339 3175 522 3259; x_wconf 87' lang='lat' dir='ltr'><strong>„Simeonis</strong></span> <span class='ocrx_word' id='word_1_282' title='bbox 545 3173 633 3237; x_wconf 85' lang='lat' dir='ltr'><strong>Busii</strong></span> <span class='ocrx_word' id='word_1_283' title='bbox 656 3172 685 3233; x_wconf 93' lang='lat' dir='ltr'><strong>in</strong></span> <span class='ocrx_word' id='word_1_284' title='bbox 710 3171 759 3233; x_wconf 87' lang='lat' dir='ltr'><strong>M.</strong></span> <span class='ocrx_word' id='word_1_285' title='bbox 781 3166 948 3231; x_wconf 78' lang='lat' dir='ltr'><strong>Ciceronis</strong></span> <span class='ocrx_word' id='word_1_286' title='bbox 969 3175 1120 3253; x_wconf 81' lang='lat' dir='ltr'><strong>epistulas</strong></span> <span class='ocrx_word' id='word_1_287' title='bbox 1141 3180 1181 3241; x_wconf 86' lang='grc'><strong>00</strong></span> <span class='ocrx_word' id='word_1_288' title='bbox 1199 3180 1343 3247; x_wconf 81' lang='lat' dir='ltr'><strong>Atticum</strong></span> <span class='ocrx_word' id='word_1_289' title='bbox 1367 3206 1464 3249; x_wconf 87' lang='lat' dir='ltr'><strong>emen-</strong></span> 
     </span>
     <span class='ocr_line' id='line_1_33' title="bbox 145 3264 1463 3357; baseline -0.002 -19"><span class='ocrx_word' id='word_1_290' title='bbox 145 3274 287 3339; x_wconf 76' lang='lat' dir='ltr'><strong>dationes</strong></span> <span class='ocrx_word' id='word_1_291' title='bbox 308 3272 497 3355; x_wconf 87' lang='lat' dir='ltr'><strong>prudierunt</strong></span> <span class='ocrx_word' id='word_1_292' title='bbox 522 3272 604 3350; x_wconf 84' lang='lat' dir='ltr'><strong>apud</strong></span> <span class='ocrx_word' id='word_1_293' title='bbox 629 3264 837 3333; x_wconf 84' lang='lat' dir='ltr'><strong>Lemovices;</strong></span> <span class='ocrx_word' id='word_1_294' title='bbox 867 3290 944 3352; x_wconf 80' lang='lat' dir='ltr'><strong>quas</strong></span> <span class='ocrx_word' id='word_1_295' title='bbox 973 3268 1153 3352; x_wconf 71' lang='lat' dir='ltr'><strong>diligentins</strong></span> <span class='ocrx_word' id='word_1_296' title='bbox 1174 3294 1346 3357; x_wconf 80' lang='lat' dir='ltr'><strong>expressas</strong></span> <span class='ocrx_word' id='word_1_297' title='bbox 1365 3280 1463 3345; x_wconf 75' lang='lat' dir='ltr'><strong>Pstis·</strong></span> 
     </span>
     <span class='ocr_line' id='line_1_34' title="bbox 144 3362 1464 3457; baseline 0.002 -25"><span class='ocrx_word' id='word_1_298' title='bbox 144 3368 252 3432; x_wconf 82' lang='lat' dir='ltr'><strong>sonim</strong></span> <span class='ocrx_word' id='word_1_299' title='bbox 282 3366 384 3440; x_wconf 65' lang='lat' dir='ltr'><strong>dobin</strong></span> <span class='ocrx_word' id='word_1_300' title='bbox 418 3386 486 3429; x_wconf 87' lang='lat' dir='ltr'><strong>cum</strong></span> <span class='ocrx_word' id='word_1_301' title='bbox 516 3364 681 3425; x_wconf 87' lang='lat' dir='ltr'><strong>editionem</strong></span> <span class='ocrx_word' id='word_1_302' title='bbox 712 3372 878 3444; x_wconf 84' lang='lat' dir='ltr'><strong>exspectes</strong></span> <span class='ocrx_word' id='word_1_303' title='bbox 904 3362 1056 3427; x_wconf 81' lang='lat' dir='ltr'><strong>suadeo.”</strong></span> <span class='ocrx_word' id='word_1_304' title='bbox 1100 3366 1150 3429; x_wconf 83' lang='lat' dir='ltr'><strong>Ea</strong></span> <span class='ocrx_word' id='word_1_305' title='bbox 1181 3378 1288 3433; x_wconf 76' lang='lat' dir='ltr'><strong>tamen</strong></span> <span class='ocrx_word' id='word_1_306' title='bbox 1313 3392 1464 3457; x_wconf 76' lang='lat' dir='ltr'><strong>nunquam</strong></span> 
     </span>
     <span class='ocr_line' id='line_1_35' title="bbox 143 3461 276 3545; baseline -0.015 -21"><span class='ocrx_word' id='word_1_307' title='bbox 143 3461 276 3545; x_wconf 85' lang='lat' dir='ltr'><strong>prodiit.</strong></span> 
     </span>
    </p>

    <p class='ocr_par' dir='ltr' id='par_1_11' title="bbox 140 3552 1465 3828">
     <span class='ocr_line' id='line_1_36' title="bbox 228 3552 1465 3649; baseline 0.005 -26"><span class='ocrx_word' id='word_1_308' title='bbox 228 3598 269 3609; x_wconf 84' lang='lat'><strong>-</strong></span> <span class='ocrx_word' id='word_1_309' title='bbox 290 3558 463 3643; x_wconf 76' lang='lat' dir='ltr'><strong>Epistulae</strong></span> <span class='ocrx_word' id='word_1_310' title='bbox 485 3556 528 3621; x_wconf 92' lang='grc'><strong>00</strong></span> <span class='ocrx_word' id='word_1_311' title='bbox 552 3556 626 3620; x_wconf 83' lang='lat' dir='ltr'><strong>Ait.</strong></span> <span class='ocrx_word' id='word_1_312' title='bbox 649 3555 723 3619; x_wconf 85' lang='lat' dir='ltr'><strong>libri</strong></span> <span class='ocrx_word' id='word_1_313' title='bbox 750 3552 844 3619; x_wconf 80' lang='lat' dir='ltr'><strong>xvi.</strong></span> <span class='ocrx_word' id='word_1_314' title='bbox 886 3555 996 3620; x_wconf 88' lang='lat' dir='ltr'><strong>Variis</strong></span> <span class='ocrx_word' id='word_1_315' title='bbox 1020 3554 1108 3622; x_wconf 86' lang='lat' dir='ltr'><strong>duct.</strong></span> <span class='ocrx_word' id='word_1_316' title='bbox 1131 3558 1234 3625; x_wconf 76' lang='grc'><strong>01000.</strong></span> <span class='ocrx_word' id='word_1_317' title='bbox 1254 3560 1350 3629; x_wconf 83' lang='lat' dir='ltr'><strong>lecit.</strong></span> <span class='ocrx_word' id='word_1_318' title='bbox 1370 3584 1465 3649; x_wconf 83' lang='lat' dir='ltr'><strong>open</strong></span> 
     </span>
     <span class='ocr_line' id='line_1_37' title="bbox 143 3648 1464 3725; baseline 0.001 -7"><span class='ocrx_word' id='word_1_319' title='bbox 143 3651 330 3718; x_wconf 76' lang='lat' dir='ltr'><strong>Alexandri</strong></span> <span class='ocrx_word' id='word_1_320' title='bbox 348 3650 433 3719; x_wconf 87' lang='lat' dir='ltr'><strong>Seut</strong></span> <span class='ocrx_word' id='word_1_321' title='bbox 458 3651 622 3714; x_wconf 88' lang='lat' dir='ltr'><strong>illustrati.</strong></span> <span class='ocrx_word' id='word_1_322' title='bbox 663 3648 829 3714; x_wconf 83' lang='lat' dir='ltr'><strong>Adiceiae</strong></span> <span class='ocrx_word' id='word_1_323' title='bbox 851 3654 928 3713; x_wconf 86' lang='lat' dir='ltr'><strong>sunt</strong></span> <span class='ocrx_word' id='word_1_324' title='bbox 947 3650 987 3714; x_wconf 87' lang='grc' dir='ltr'><strong>Ι).</strong></span> <span class='ocrx_word' id='word_1_325' title='bbox 1004 3650 1153 3715; x_wconf 82' lang='lat' dir='ltr'><strong>lambini</strong></span> <span class='ocrx_word' id='word_1_326' title='bbox 1172 3656 1208 3717; x_wconf 87' lang='lat' dir='ltr'><strong>et</strong></span> <span class='ocrx_word' id='word_1_327' title='bbox 1224 3652 1339 3722; x_wconf 80' lang='lat' dir='ltr'><strong>ltnvtt</strong></span> <span class='ocrx_word' id='word_1_328' title='bbox 1357 3656 1464 3725; x_wconf 68' lang='lat' dir='ltr'><strong>Ursini</strong></span> 
     </span>
     <span class='ocr_line' id='line_1_38' title="bbox 140 3741 1226 3828; baseline -0.004 -12"><span class='ocrx_word' id='word_1_329' title='bbox 140 3745 318 3817; x_wconf 88' lang='lat' dir='ltr'><strong>emendatt.</strong></span> <span class='ocrx_word' id='word_1_330' title='bbox 339 3748 497 3810; x_wconf 77' lang='lat' dir='ltr'><strong>rationes</strong></span> <span class='ocrx_word' id='word_1_331' title='bbox 539 3742 710 3828; x_wconf 77' lang='lat' dir='ltr'><strong>Lugduni,</strong></span> <span class='ocrx_word' id='word_1_332' title='bbox 732 3743 780 3807; x_wconf 92' lang='lat' dir='ltr'><strong>lu.</strong></span> <span class='ocrx_word' id='word_1_333' title='bbox 800 3741 981 3808; x_wconf 86' lang='lat' dir='ltr'><strong>Piilclrutte</strong></span> <span class='ocrx_word' id='word_1_334' title='bbox 1003 3741 1117 3809; x_wconf 89' lang='grc'><strong>1580.</strong></span> <span class='ocrx_word' id='word_1_335' title='bbox 1162 3742 1226 3812; x_wconf 90' lang='grc'><strong>12.</strong></span> 
     </span>
    </p>

    <p class='ocr_par' dir='ltr' id='par_1_12' title="bbox 139 3832 1462 4115">
     <span class='ocr_line' id='line_1_39' title="bbox 223 3832 1462 3925; baseline 0.003 -20"><span class='ocrx_word' id='word_1_336' title='bbox 223 3832 254 3889; x_wconf 76' lang='lat'><em>*</em></span> <span class='ocrx_word' id='word_1_337' title='bbox 274 3878 316 3891; x_wconf 84' lang='lat'><em>-</em></span> <span class='ocrx_word' id='word_1_338' title='bbox 343 3839 515 3925; x_wconf 80' lang='lat' dir='ltr'><strong>Epistulae</strong></span> <span class='ocrx_word' id='word_1_339' title='bbox 538 3836 581 3901; x_wconf 87' lang='lat' dir='ltr'><strong>ad</strong></span> <span class='ocrx_word' id='word_1_340' title='bbox 604 3836 769 3919; x_wconf 82' lang='lat' dir='ltr'><strong>Atticum,</strong></span> <span class='ocrx_word' id='word_1_341' title='bbox 796 3834 839 3901; x_wconf 89' lang='lat' dir='ltr'><strong>ad</strong></span> <span class='ocrx_word' id='word_1_342' title='bbox 867 3835 1136 3903; x_wconf 74' lang='lat' dir='ltr'><strong>manutenet</strong></span> <span class='ocrx_word' id='word_1_343' title='bbox 1163 3838 1208 3904; x_wconf 90' lang='lat' dir='ltr'><strong>ud</strong></span> <span class='ocrx_word' id='word_1_344' title='bbox 1237 3838 1279 3922; x_wconf 81' lang='grc'><strong>0.</strong></span> <span class='ocrx_word' id='word_1_345' title='bbox 1309 3844 1462 3910; x_wconf 83' lang='lat' dir='ltr'><strong>Fratrem.</strong></span> 
     </span>
     <span class='ocr_line' id='line_1_40' title="bbox 140 3930 1462 4003; baseline 0 0"><span class='ocrx_word' id='word_1_346' title='bbox 140 3934 252 4003; x_wconf 76' lang='lat' dir='ltr'><strong>Editio</strong></span> <span class='ocrx_word' id='word_1_347' title='bbox 270 3933 315 3999; x_wconf 91' lang='grc'><strong>00</strong></span> <span class='ocrx_word' id='word_1_348' title='bbox 331 3932 559 3999; x_wconf 88' lang='lat' dir='ltr'><strong>Manuttnuam</strong></span> <span class='ocrx_word' id='word_1_349' title='bbox 577 3933 610 3995; x_wconf 90' lang='lat' dir='ltr'><strong>et</strong></span> <span class='ocrx_word' id='word_1_350' title='bbox 628 3930 799 3994; x_wconf 86' lang='lat' dir='ltr'><strong>Brutinnm</strong></span> <span class='ocrx_word' id='word_1_351' title='bbox 819 3930 1035 3996; x_wconf 83' lang='lat' dir='ltr'><strong>euniurmata.</strong></span> <span class='ocrx_word' id='word_1_352' title='bbox 1077 3930 1244 4001; x_wconf 82' lang='lat' dir='ltr'><strong>Adieetae</strong></span> <span class='ocrx_word' id='word_1_353' title='bbox 1261 3944 1343 4002; x_wconf 85' lang='lat' dir='ltr'><strong>sunt</strong></span> <span class='ocrx_word' id='word_1_354' title='bbox 1360 3958 1462 4003; x_wconf 90' lang='lat' dir='ltr'><strong>annu-</strong></span> 
     </span>
     <span class='ocr_line' id='line_1_41' title="bbox 139 4022 1458 4115; baseline -0.001 -20"><span class='ocrx_word' id='word_1_355' title='bbox 139 4030 287 4095; x_wconf 81' lang='lat' dir='ltr'><strong>tationes</strong></span> <span class='ocrx_word' id='word_1_356' title='bbox 300 4031 333 4094; x_wconf 92' lang='lat' dir='ltr'><strong>et</strong></span> <span class='ocrx_word' id='word_1_357' title='bbox 348 4027 604 4115; x_wconf 80' lang='lat' dir='ltr'><strong>castigationes,</strong></span> <span class='ocrx_word' id='word_1_358' title='bbox 623 4042 666 4089; x_wconf 83' lang='lat' dir='ltr'><strong>ex</strong></span> <span class='ocrx_word' id='word_1_359' title='bbox 683 4024 786 4089; x_wconf 77' lang='lat' dir='ltr'><strong>variis</strong></span> <span class='ocrx_word' id='word_1_360' title='bbox 804 4022 974 4090; x_wconf 85' lang='lat' dir='ltr'><strong>ducturum</strong></span> <span class='ocrx_word' id='word_1_361' title='bbox 993 4026 1137 4091; x_wconf 86' lang='lat' dir='ltr'><strong>virorum</strong></span> <span class='ocrx_word' id='word_1_362' title='bbox 1151 4030 1290 4114; x_wconf 83' lang='lat' dir='ltr'><strong>seriptis</strong></span> <span class='ocrx_word' id='word_1_363' title='bbox 1308 4033 1458 4100; x_wconf 83' lang='lat' dir='ltr'><strong>selectae.</strong></span> 
     </span>
    </p>
   </div>
   <div class='ocr_carea' id='block_1_10' title="bbox 139 4112 1456 4299">
    <p class='ocr_par' dir='ltr' id='par_1_13' title="bbox 139 4112 1456 4299">
     <span class='ocr_line' id='line_1_42' title="bbox 139 4112 855 4208; baseline -0.014 -19"><span class='ocrx_word' id='word_1_364' title='bbox 139 4112 680 4201; x_wconf 78' lang='lat' dir='ltr'><strong>Franeoiurti,Weelre11590.</strong></span> <span class='ocrx_word' id='word_1_365' title='bbox 724 4118 759 4181; x_wconf 92' lang='grc'><strong>8.</strong></span> <span class='ocrx_word' id='word_1_366' title='bbox 851 4201 855 4208; x_wconf 23' lang='lat'><strong>¹</strong></span> 
     </span>
     <span class='ocr_line' id='line_1_43' title="bbox 223 4206 1456 4299; baseline 0 -24"><span class='ocrx_word' id='word_1_367' title='bbox 223 4210 304 4275; x_wconf 79' lang='lat' dir='ltr'><strong>Pars</strong></span> <span class='ocrx_word' id='word_1_368' title='bbox 315 4212 380 4275; x_wconf 86' lang='lat' dir='ltr'><strong>Ed.</strong></span> <span class='ocrx_word' id='word_1_369' title='bbox 393 4206 623 4291; x_wconf 81' lang='lat' dir='ltr'><strong>Sylburgienne</strong></span> <span class='ocrx_word' id='word_1_370' title='bbox 637 4206 725 4287; x_wconf 85' lang='lat' dir='ltr'><strong>Opp.</strong></span> <span class='ocrx_word' id='word_1_371' title='bbox 744 4206 893 4270; x_wconf 87' lang='lat' dir='ltr'><strong>omnium.</strong></span> <span class='ocrx_word' id='word_1_372' title='bbox 918 4206 955 4270; x_wconf 91' lang='lat' dir='ltr'><strong>In</strong></span> <span class='ocrx_word' id='word_1_373' title='bbox 969 4208 1239 4274; x_wconf 77' lang='lat' dir='ltr'><strong>Auuutatiuuibns</strong></span> <span class='ocrx_word' id='word_1_374' title='bbox 1253 4213 1380 4299; x_wconf 77' lang='lat' dir='ltr'><strong>(pagg.</strong></span> <span class='ocrx_word' id='word_1_375' title='bbox 1394 4214 1456 4292; x_wconf 81' lang='lat' dir='ltr'><strong>tu.)</strong></span> 
     </span>
    </p>
   </div>
   <div class='ocr_carea' id='block_1_11' title="bbox 135 4298 1458 4872">
    <p class='ocr_par' dir='ltr' id='par_1_14' title="bbox 139 4298 689 4367">
     <span class='ocr_line' id='line_1_44' title="bbox 139 4298 689 4367; baseline -0.002 -4"><span class='ocrx_word' id='word_1_376' title='bbox 139 4298 253 4363; x_wconf 80' lang='grc'><strong>0011000</strong></span> <span class='ocrx_word' id='word_1_377' title='bbox 279 4301 370 4367; x_wconf 91' lang='lat' dir='ltr'><strong>Busii</strong></span> <span class='ocrx_word' id='word_1_378' title='bbox 389 4302 544 4366; x_wconf 81' lang='lat' dir='ltr'><strong>rationem</strong></span> <span class='ocrx_word' id='word_1_379' title='bbox 567 4298 689 4362; x_wconf 85' lang='lat' dir='ltr'><strong>habuit.</strong></span> 
     </span>
    </p>

    <p class='ocr_par' dir='ltr' id='par_1_15' title="bbox 139 4396 1458 4561">
     <span class='ocr_line' id='line_1_45' title="bbox 221 4396 1458 4489; baseline -0.003 -22"><span class='ocrx_word' id='word_1_380' title='bbox 221 4436 264 4453; x_wconf 88' lang='lat'><strong>—-</strong></span> <span class='ocrx_word' id='word_1_381' title='bbox 283 4400 457 4489; x_wconf 74' lang='lat' dir='ltr'><strong>Epistulae</strong></span> <span class='ocrx_word' id='word_1_382' title='bbox 487 4399 529 4465; x_wconf 93' lang='grc'><strong>00</strong></span> <span class='ocrx_word' id='word_1_383' title='bbox 551 4400 717 4477; x_wconf 86' lang='lat' dir='ltr'><strong>Atticum,</strong></span> <span class='ocrx_word' id='word_1_384' title='bbox 746 4396 788 4463; x_wconf 89' lang='grc'><strong>00</strong></span> <span class='ocrx_word' id='word_1_385' title='bbox 812 4397 861 4464; x_wconf 90' lang='grc' dir='ltr'><strong>Μ.</strong></span> <span class='ocrx_word' id='word_1_386' title='bbox 879 4400 1018 4465; x_wconf 78' lang='lat' dir='ltr'><strong>linitam</strong></span> <span class='ocrx_word' id='word_1_387' title='bbox 1040 4404 1075 4468; x_wconf 88' lang='lat' dir='ltr'><strong>et</strong></span> <span class='ocrx_word' id='word_1_388' title='bbox 1096 4399 1138 4468; x_wconf 89' lang='grc'><strong>00</strong></span> <span class='ocrx_word' id='word_1_389' title='bbox 1157 4398 1196 4484; x_wconf 77' lang='lat' dir='ltr'><strong>Q.</strong></span> <span class='ocrx_word' id='word_1_390' title='bbox 1219 4402 1374 4473; x_wconf 72' lang='lat' dir='ltr'><strong>Fratrem</strong></span> <span class='ocrx_word' id='word_1_391' title='bbox 1395 4424 1458 4474; x_wconf 70' lang='lat' dir='ltr'><strong>eun</strong></span> 
     </span>
     <span class='ocr_line' id='line_1_46' title="bbox 139 4487 1022 4561; baseline -0.006 0"><span class='ocrx_word' id='word_1_392' title='bbox 139 4496 401 4561; x_wconf 80' lang='lat' dir='ltr'><strong>correctionibus</strong></span> <span class='ocrx_word' id='word_1_393' title='bbox 422 4494 461 4561; x_wconf 83' lang='grc'><strong>1).</strong></span> <span class='ocrx_word' id='word_1_394' title='bbox 480 4494 634 4560; x_wconf 87' lang='lat' dir='ltr'><strong>Munatii.</strong></span> <span class='ocrx_word' id='word_1_395' title='bbox 677 4492 804 4559; x_wconf 83' lang='lat' dir='ltr'><strong>liumue</strong></span> <span class='ocrx_word' id='word_1_396' title='bbox 828 4487 944 4559; x_wconf 87' lang='grc'><strong>1581.</strong></span> <span class='ocrx_word' id='word_1_397' title='bbox 988 4494 1022 4557; x_wconf 92' lang='grc'><strong>8.</strong></span> 
     </span>
    </p>

    <p class='ocr_par' dir='ltr' id='par_1_16' title="bbox 135 4578 1454 4872">
     <span class='ocr_line' id='line_1_47' title="bbox 222 4578 1454 4675; baseline 0.002 -19"><span class='ocrx_word' id='word_1_398' title='bbox 222 4578 252 4633; x_wconf 63' lang='lat'><strong>³¹</strong></span> <span class='ocrx_word' id='word_1_399' title='bbox 271 4620 314 4635; x_wconf 91' lang='lat'><strong>-··</strong></span> <span class='ocrx_word' id='word_1_400' title='bbox 338 4588 513 4675; x_wconf 77' lang='lat' dir='ltr'><strong>Epistulae</strong></span> <span class='ocrx_word' id='word_1_401' title='bbox 539 4586 583 4652; x_wconf 89' lang='grc'><strong>00</strong></span> <span class='ocrx_word' id='word_1_402' title='bbox 608 4586 646 4651; x_wconf 82' lang='grc'><strong>’1.</strong></span> <span class='ocrx_word' id='word_1_403' title='bbox 666 4586 882 4671; x_wconf 89' lang='lat' dir='ltr'><strong>Pomponiam</strong></span> <span class='ocrx_word' id='word_1_404' title='bbox 904 4586 1066 4652; x_wconf 85' lang='lat' dir='ltr'><strong>Atticum.</strong></span> <span class='ocrx_word' id='word_1_405' title='bbox 1108 4587 1163 4653; x_wconf 81' lang='lat' dir='ltr'><strong>Ex</strong></span> <span class='ocrx_word' id='word_1_406' title='bbox 1184 4588 1249 4657; x_wconf 87' lang='lat' dir='ltr'><strong>lide</strong></span> <span class='ocrx_word' id='word_1_407' title='bbox 1270 4595 1454 4661; x_wconf 78' lang='lat' dir='ltr'><strong>vetustissi-</strong></span> 
     </span>
     <span class='ocr_line' id='line_1_48' title="bbox 139 4676 1453 4767; baseline 0.004 -20"><span class='ocrx_word' id='word_1_408' title='bbox 139 4696 265 4747; x_wconf 87' lang='lat' dir='ltr'><strong>morum</strong></span> <span class='ocrx_word' id='word_1_409' title='bbox 283 4676 387 4749; x_wconf 79' lang='lat' dir='ltr'><strong>codd.</strong></span> <span class='ocrx_word' id='word_1_410' title='bbox 408 4680 619 4765; x_wconf 86' lang='lat' dir='ltr'><strong>emendatae,</strong></span> <span class='ocrx_word' id='word_1_411' title='bbox 640 4679 750 4745; x_wconf 83' lang='lat' dir='ltr'><strong>stridiu</strong></span> <span class='ocrx_word' id='word_1_412' title='bbox 771 4685 805 4744; x_wconf 92' lang='lat' dir='ltr'><strong>et</strong></span> <span class='ocrx_word' id='word_1_413' title='bbox 828 4699 930 4764; x_wconf 90' lang='lat' dir='ltr'><strong>upera</strong></span> <span class='ocrx_word' id='word_1_414' title='bbox 949 4676 1116 4747; x_wconf 85' lang='lat' dir='ltr'><strong>Simeonis</strong></span> <span class='ocrx_word' id='word_1_415' title='bbox 1132 4682 1244 4767; x_wconf 87' lang='lat' dir='ltr'><strong>Busii,</strong></span> <span class='ocrx_word' id='word_1_416' title='bbox 1263 4686 1379 4755; x_wconf 79' lang='lat' dir='ltr'><strong>Praei.</strong></span> <span class='ocrx_word' id='word_1_417' title='bbox 1393 4688 1453 4753; x_wconf 74' lang='lat' dir='ltr'><strong>le-</strong></span> 
     </span>
     <span class='ocr_line' id='line_1_49' title="bbox 135 4772 1451 4872; baseline 0.001 -29"><span class='ocrx_word' id='word_1_418' title='bbox 135 4774 256 4843; x_wconf 85' lang='lat' dir='ltr'><strong>muvte·</strong></span> <span class='ocrx_word' id='word_1_419' title='bbox 296 4772 452 4863; x_wconf 73' lang='lat' dir='ltr'><strong>Lugduni</strong></span> <span class='ocrx_word' id='word_1_420' title='bbox 474 4774 564 4863; x_wconf 77' lang='lat' dir='ltr'><strong>aaa,</strong></span> <span class='ocrx_word' id='word_1_421' title='bbox 585 4791 628 4841; x_wconf 80' lang='lat' dir='ltr'><strong>ex</strong></span> <span class='ocrx_word' id='word_1_422' title='bbox 651 4773 704 4839; x_wconf 79' lang='lat' dir='ltr'><strong>ult.</strong></span> <span class='ocrx_word' id='word_1_423' title='bbox 722 4772 935 4839; x_wconf 73' lang='lat' dir='ltr'><strong>plantiniana</strong></span> <span class='ocrx_word' id='word_1_424' title='bbox 955 4773 1045 4860; x_wconf 82' lang='lat' dir='ltr'><strong>apud</strong></span> <span class='ocrx_word' id='word_1_425' title='bbox 1060 4776 1180 4845; x_wconf 72' lang='lat' dir='ltr'><strong>amne.</strong></span> <span class='ocrx_word' id='word_1_426' title='bbox 1196 4778 1451 4872; x_wconf 76' lang='lat' dir='ltr'><strong>ttupancngtm</strong></span> 
     </span>
    </p>
   </div>
   <div class='ocr_carea' id='block_1_12' title="bbox 143 4864 367 4937">
    <p class='ocr_par' dir='ltr' id='par_1_17' title="bbox 143 4864 367 4937">
     <span class='ocr_line' id='line_1_50' title="bbox 143 4864 367 4937; baseline -0.009 0"><span class='ocrx_word' id='word_1_427' title='bbox 143 4864 259 4937; x_wconf 85' lang='grc'><strong>1502.</strong></span> <span class='ocrx_word' id='word_1_428' title='bbox 303 4866 367 4935; x_wconf 78' lang='grc'><strong>21.</strong></span> 
     </span>
    </p>
   </div>
   <div class='ocr_carea' id='block_1_13' title="bbox 0 0 1614 5310">
    <p class='ocr_par' dir='ltr' id='par_1_18' title="bbox 0 0 1614 5310">
     <span class='ocr_line' id='line_1_51' title="bbox 0 0 1614 5310; baseline 0 7"><span class='ocrx_word' id='word_1_429' title='bbox 0 0 1614 5310; x_wconf 95' lang='lat' dir='ltr'><strong> </strong></span> 
     </span>
    </p>
   </div>
  </div>
 </body>
</html>
