3218 5310
137 240 178 300 70
558 236 610 301 Μ.
634 234 798 326 TULLII
821 233 1075 301 CICERONIS

138 364 429 462 expulsum'tutsse
457 380 495 440 ad
519 377 689 441 Lentulum
720 375 813 458 epist.
839 378 871 441 9.
902 374 1053 439 scribim-
1082 374 1164 441 Cuna
1195 388 1301 441 antem
1330 376 1468 445 Clodios

42 463 50 474 ⁰
138 474 222 538 saxis
243 487 275 537 ct
292 472 420 558 ignibus
439 484 469 535 et
487 473 576 535 ferro
593 470 769 533 vastitatem
786 471 915 533 aedibus
933 471 1101 536 Ciceronis
1121 470 1294 546 intulisset,
1320 472 1467 537 decrevit

137 578 264 631 senatus
286 589 360 641 eos,
385 566 439 648 qui
461 566 494 628 id
511 565 677 639 fecissent,
700 565 771 650 lege
796 568 833 628 de
858 565 907 637 ri,
931 586 1012 649 quae
1036 565 1134 631 estin
1156 586 1233 641 eos,
1257 565 1315 650 qrri
1333 568 1467 631 uniret-⁶

136 684 202 725 sam
223 683 289 725 rem
316 661 473 743 publicam
499 671 756 743 oppugnassent,
780 658 898 732 teneri;
922 659 953 721 in
981 671 1063 723 orat.
1088 663 1127 722 de
1147 662 1279 742 harusp.
1299 660 1467 743 responsis

135 778 209 839 cap.
235 756 267 817 8.
313 755 402 835 Quae
427 753 540 817 deinde
566 755 730 836 usquead
758 753 859 816 VIII.
884 752 959 818 Kal.
984 753 1157 816 Decembr.
1181 766 1250 817 aeta
1274 764 1367 830 strat,
1391 754 1464 819 ride

136 871 190 932 ep.
209 850 241 912 3.
264 848 319 911 lib.
339 849 403 912 IV.
427 850 466 911 ad
487 849 558 912 Au.
603 848 669 910 IV.
688 846 764 910 Idus
783 846 955 910 Decembr.
978 845 1055 911 nori
1078 846 1156 910 trib.
1176 847 1223 928 pl.
1245 849 1465 929 magistratum

135 944 332 1018 inierunt,·e
352 943 465 1026 quibus
483 962 501 1005 a
520 939 679 1006 Cicerone
701 940 758 1003 lib.
772 939 801 1001 Ι.
819 961 871 1020 ep.
889 941 970 1002 dcet
986 940 1018 1003 2.
1040 942 1079 1002 ad
1098 941 1281 1027 Fam.,·lib.
1297 942 1347 1007 II.
1366 962 1421 1025 ep.
1435 945 1467 1007 t.

136 1040 176 1099 ad
195 1038 359 1112 Fratrem,
384 1047 414 1099 et
432 1035 538 1100 Dione
555 1035 612 1098 lib.
632 1034 802 1097 XXXIX.
822 1033 1092 1097 innominandae
1117 1035 1158 1099 P.
1179 1034 1319 1099 Rutilius
1335 1037 1460 1117 erpus,

138 1130 179 1195 C.
203 1131 341 1196 Porcius
365 1130 468 1204 Cato,
493 1129 535 1195 C.
559 1128 743 1200 Cominius,
769 1127 810 1189 L.
831 1126 990 1201 Racilius,
1005 1126 1079 1191 Cn.
1100 1127 1270 1205 Plancius,
1295 1130 1341 1195 Α.
1365 1124 1465 1196 Ptan-

137 1225 217 1299 tius,
241 1227 319 1288 Sex.
342 1223 501 1288 Antistius
521 1224 630 1286 Verus
657 1233 689 1284 et
712 1220 853 1286 Cassius.
899 1219 980 1285 Cum
1004 1220 1124 1284 tribuni
1149 1222 1370 1307 magistratum
1392 1222 1468 1289 inis·

138 1329 224 1394 sent,
248 1318 290 1384 C.
308 1317 393 1384 Cato
414 1317 615 1380 turbulentus
637 1315 822 1378 adolescens
841 1327 872 1378 et
895 1319 999 1380 audax
1022 1337 1081 1378 nec
1099 1315 1272 1398 imparatus
1294 1318 1335 1379 sd
1357 1317 1465 1381 dicen.

138 1414 211 1475 dum
233 1411 441 1477 concionibus
465 1410 597 1473 assiduis
619 1409 766 1472 invidiam
793 1421 825 1472 et
850 1410 1036 1473 Ptolemaeo
1057 1408 1170 1484 simul,
1195 1408 1249 1494 qui
1266 1410 1335 1481 iarn
1354 1410 1465 1493 profc-

142 1518 210 1567 ctus
240 1527 281 1568 ex
302 1506 392 1569 Urbe
418 1517 503 1582 erat,
533 1515 566 1567 et
588 1505 631 1569 P.
656 1504 797 1568 Lentulo
822 1502 944 1567 consuli
969 1504 1094 1585 paranti
1122 1502 1183 1567 iam
1209 1504 1271 1567 iter
1300 1505 1465 1577 concitare

139 1601 279 1662 seeundo
305 1597 431 1682 quidem
456 1598 569 1680 populi
592 1618 722 1660 ritmore
752 1596 871 1679 coepit.
923 1596 1020 1676 Qrtod
1049 1618 1089 1660 ex
1114 1597 1172 1661 lib.
1192 1597 1313 1661 XXII.
1343 1598 1463 1663 Annal.

140 1691 337 1781 Fenestellae
355 1690 480 1755 Nonius
500 1691 676 1754 Marcellus
696 1688 798 1753 refert
820 1692 867 1772 (p.
886 1690 961 1763 385.
983 1691 1117 1771 Merca.
1161 1691 1200 1755 In
1223 1690 1402 1774 quindecim
1421 1691 1465 1755 le·

141 1784 241 1870 gatis,
271 1806 352 1869 quos
377 1785 552 1867 Pompeius
581 1784 642 1847 sibi
667 1782 714 1847 rei
742 1783 968 1847 frumentariae
996 1805 1089 1874 causa
1117 1786 1300 1871 legaverat,
1335 1784 1398 1849 luit
1420 1784 1463 1865 Q.

144 1878 280 1944 Cicero:
313 1879 366 1963 qui
392 1901 462 1942 curn
488 1890 572 1942 esset
596 1878 629 1940 in
654 1876 813 1951 Sardinia,
840 1878 891 1940 M.
910 1876 1029 1942 Cicero
1053 1880 1092 1940 ad
1117 1899 1186 1941 esum
1212 1877 1359 1960 scripsit,
1384 1898 1466 1963 qnae

142 1987 285 2039 extremo
302 1974 393 2037 huius
406 1973 480 2036 anni
494 1995 599 2037 mense
614 1973 645 2036 in
662 1984 772 2035 senatu
789 1982 856 2034 acta
873 1971 1019 2048 fuerunt,
1044 1972 1136 2055 epist.
1151 1977 1180 2037 I.
1192 1972 1249 2035 lib.
1260 1972 1308 2036 II.
1321 1974 1362 2036 ad
1375 1973 1463 2037 Frat.

295 2171 398 2235 Anno
420 2168 521 2233 Urbis
542 2172 749 2235 DGXCVII.
774 2169 950 2233 Ciceronis
971 2172 1032 2235 LI.
1056 2190 1146 2233 coss.
1155 2165 1316 2259 fuerunt

145 2311 1464 2501 CN·⁰⁰RNEL¹U⁵LENTssffllellffssssgEfflN⁰srhfflsscws

226 2585 266 2649 ln
294 2581 434 2668 collegio
463 2593 647 2665 praetorum
670 2579 761 2643 huius
783 2580 855 2643 aurii
878 2582 1006 2645 fuerunt
1031 2580 1093 2646 Cn.
1116 2581 1295 2656 Domitius,
1331 2582 1375 2665 Q.
1399 2581 1466 2647 An·

141 2679 266 2747 charius
284 2688 314 2739 et
334 2675 376 2741 C.
394 2674 547 2740 Claudius
564 2676 724 2749 Pulcher;
749 2687 783 2738 ut
801 2696 861 2756 pro
880 2675 984 2738 Sestio
1000 2697 1073 2757 cap.
1093 2675 1159 2750 53„
1178 2674 1236 2738 lib.
1253 2675 1302 2739 II.
1320 2679 1359 2739 ad
1377 2676 1465 2741 Frat.

142 2787 174 2839 et
190 2773 220 2836 in
239 2772 396 2837 Cicerone
412 2770 575 2834 Plutarchi
597 2769 817 2852 cognoscitur.
855 2769 905 2831 M.
923 2768 1048 2856 'frillius
1070 2768 1159 2831 initio
1178 2768 1272 2832 huius
1291 2769 1365 2833 anni
1380 2768 1464 2835 omni

143 2869 248 2932 studi0
266 2864 296 2928 in
314 2864 345 2927 id
364 2862 518 2938 incubuit,
538 2874 572 2926 ut
590 2863 630 2926 P.
644 2862 798 2938 Lentulo,
821 2862 875 2945 qui
895 2861 1035 2925 Ciliciam
1056 2882 1116 2942 pro
1137 2863 1266 2925 consule
1286 2862 1462 2939 obtinebat,

143 2957 321 3026 Ptolemaei
342 2954 428 3043 regis
446 2956 591 3018 reductio
607 2956 844 3018 decerneretur.
880 2957 1082 3041 Argumenta
1098 2967 1170 3017 sunt
1185 2956 1361 3038 epistolae,
1385 2976 1465 3043 qnae

142 3057 207 3119 hoc
221 3063 365 3135 tempore
381 3053 420 3113 ad
436 3050 609 3113 Lentulum
625 3046 736 3110 missae
759 3049 816 3111 lib.
834 3050 862 3112 I.
887 3050 927 3110 ad
942 3049 1034 3112 Fam.
1057 3058 1195 3112 exstant.
1240 3051 1324 3113 Tum
1340 3070 1467 3135 quoque

67 3182 70 3187 ·
142 3145 321 3213 orationem
344 3147 382 3207 de
404 3165 482 3228 rege
507 3142 708 3216 Ptolemaeo,
743 3142 829 3204 errius
860 3145 944 3224 apud
967 3142 1115 3226 Aquilam
1147 3153 1179 3205 et
1201 3142 1465 3208 Fortunatianum

143 3239 260 3304 mentio
280 3249 345 3314 est,
369 3238 517 3302 habuisse
539 3237 681 3311 videtur,
706 3257 775 3297 cum
799 3234 885 3320 regis
901 3235 1112 3300 Alexandrini
1133 3235 1367 3300 restitutionem
1382 3238 1467 3301 Les-

140 3335 209 3400 tulo
232 3352 287 3395 sua
310 3331 462 3395 sententia
486 3331 699 3395 decerneret.¹
742 3331 839 3393 XlV.
857 3329 992 3392 Kalend.
1011 3329 1110 3392 Febr.
1135 3328 1252 3393 Cicero
1275 3328 1407 3413 scripsit
1428 3330 1466 3394 ad

142 3428 187 3511 Q.
206 3428 352 3491 Fratrem
374 3425 538 3507 epistolam
554 3426 586 3487 f.
608 3424 665 3489 lib.
685 3422 750 3498 lI.,
783 3423 836 3485 ubi
859 3423 903 3485 ait
925 3421 1052 3486 comitia
1073 3421 1222 3499 aedilitia,
1248 3421 1362 3507 quibus
1387 3420 1466 3489 Clo·

141 3521 211 3585 dius
234 3519 423 3582 aedilitatem
445 3521 591 3600 petebat,
616 3517 716 3581 edicta
736 3537 804 3579 esse
823 3538 852 3579 a.
874 3518 904 3578 d.
925 3516 990 3580 XI.
1008 3516 1083 3579 Kal.
1101 3518 1200 3580 Febr.
1233 3513 1368 3581 Clodius
1383 3516 1467 3583 aetli-

143 3616 183 3680 lis
211 3614 316 3677 factus
342 3611 462 3676 Miloni
497 3614 576 3675 diem
613 3613 691 3676 dlxit
726 3623 757 3674 et
784 3614 823 3674 de
854 3611 885 3674 ri
914 3613 953 3674 ad
982 3610 1135 3693 populum
1166 3611 1369 3687 accusavir23
1404 3632 1466 3695 pre

143 3709 249 3773 SestIo
276 3727 348 3789 cap.
365 3707 435 3781 dl„
459 3706 491 3768 in
513 3704 675 3769 VatIniurn
700 3724 771 3791 cap.
798 3709 849 3767 ΙΙ.
877 3716 909 3770 et
929 3705 988 3767 lib.
1009 3705 1055 3768 Il.
1079 3706 1117 3766 a'd
1138 3705 1228 3769 Frat.
1274 3704 1346 3787 Qua
1370 3708 1410 3770 de
1431 3726 1465 3769 re

40 3828 44 3835 ·
139 3801 206 3868 Dio
228 3800 406 3874 XXXIX,
433 3800 484 3863 18.
515 3801 559 3863 ita
581 3789 712 3869 scribit:
743 3801 882 3868 Cloelius
903 3799 1108 3884 simulatque
1129 3798 1344 3864 aedilitatem
1364 3800 1466 3867 Mar·

139 3895 260 3960 collino
282 3907 316 3958 et
335 3893 493 3977 Philippo
514 3916 603 3958 coss.
624 3896 721 3973 iniit,
746 3894 874 3963 Miloni
893 3894 983 3956 diem
1005 3893 1115 3968 dixit,
1146 3893 1239 3978 qaod
1258 3892 1466 3977 gladiatori·

139 3990 202 4052 bus
225 4011 297 4053 rem
316 3987 491 4072 publicam
512 3987 715 4054 obsedisset:
747 4013 834 4076 qaae
855 3989 946 4051 enim
968 3987 1280 4069 ipsccommiserat
1300 4008 1468 4073 quorum·

140 4105 204 4167 que
233 4082 368 4145 nomiae
396 4102 477 4144 reus
504 4093 599 4157 erat,
630 4104 672 4144 ea
699 4085 750 4147 illi
778 4082 915 4147 crimini
941 4081 1043 4143 dabat
1049 4103 1062 4153 ,·
1089 4101 1157 4143 uon
1182 4081 1274 4165 quod
1295 4081 1468 4147 Milonem

139 4176 402 4240 condemnatum
423 4173 469 4238 iri
490 4186 663 4257 speraret,
687 4178 746 4260 qui
765 4189 934 4261 patronos
955 4195 1115 4260 magnos,
1139 4174 1242 4239 iniis
1265 4175 1468 4259 Pompeiam

138 4280 174 4334 et
194 4269 409 4345 Ciceronem,
433 4269 593 4344 babebat,
617 4269 678 4333 sed
696 4282 735 4334 ut
751 4292 817 4353 per
836 4272 924 4332 hanc
945 4289 1086 4333 carssam
1108 4281 1143 4332 et
1164 4269 1335 4334 Milonem
1357 4288 1468 4353 oppu-

136 4371 262 4448 gnaret
287 4373 320 4424 et
342 4375 513 4446 patronos
540 4364 616 4426 eius
641 4375 797 4428 vexaret.
848 4363 914 4426 IV.
938 4364 1027 4426 Non.
1051 4362 1152 4426 Febr.
1180 4361 1266 4426 Milo
1293 4360 1406 4426 alfrrita
1437 4360 1467 4425 ci

139 4452 313 4534 Pompeius
341 4457 513 4520 advocatus
540 4457 644 4520 venit:
676 4457 823 4540 prodicta
847 4456 913 4520 dies
938 4468 985 4519 est
1011 4457 1042 4519 in
1067 4454 1171 4520 VIII.
1193 4455 1288 4519 Idust
1327 4476 1395 4541 quo
1416 4454 1466 4519 die

140 4545 335 4628 Pompeius,
367 4566 436 4609 cum
459 4570 520 4630 pro
543 4550 669 4613 Milone
693 4553 777 4633 apud
795 4548 949 4633 populum
971 4550 1106 4626 diceret,
1137 4550 1277 4614 clamore
1300 4548 1467 4614 convicio·

179 4707 209 4769 1)
229 4699 298 4753 vtds
317 4715 392 4753 nune
411 4676 609 4774 Fragmenta·
631 4704 710 4756 Malo
730 4717 847 4775 reperta.

179 4784 212 4847 2)
231 4774 291 4832 Clr.
311 4774 451 4831 Taratalli
470 4776 522 4851 Ep.
542 4775 578 4831 ad
596 4775 697 4833 Mtddl.
717 4796 745 4852 p.
763 4780 810 4838 et.
