<?xml version="1.0" encoding="UTF-8"?>
<!DOCTYPE html PUBLIC "-//W3C//DTD XHTML 1.0 Transitional//EN"
    "http://www.w3.org/TR/xhtml1/DTD/xhtml1-transitional.dtd">
<html xmlns="http://www.w3.org/1999/xhtml" xml:lang="en" lang="en">
 <head>
  <title>
</title>
<meta http-equiv="Content-Type" content="text/html;charset=utf-8" />
  <meta name='ocr-system' content='tesseract 3.04.00' />
  <meta name='ocr-capabilities' content='ocr_page ocr_carea ocr_par ocr_line ocrx_word'/>
</head>
<body>
  <div class='ocr_page' id='page_1' title='image "./operaquaesupers07halmgoog_0119.png"; bbox 0 0 3218 5310; ppageno 0'>
   <div class='ocr_carea' id='block_1_1' title="bbox 137 245 1070 316">
    <p class='ocr_par' dir='ltr' id='par_1_1' title="bbox 137 245 1070 316">
     <span class='ocr_line' id='line_1_1' title="bbox 137 245 1070 316; baseline -0.009 -1"><span class='ocrx_word' id='word_1_1' title='bbox 137 250 199 316; x_wconf 80' lang='lat' dir='ltr'>tos</span> <span class='ocrx_word' id='word_1_2' title='bbox 557 250 609 313; x_wconf 88' lang='grc' dir='ltr'>Μ.</span> <span class='ocrx_word' id='word_1_3' title='bbox 633 246 795 314; x_wconf 81' lang='lat' dir='ltr'>TULLII</span> <span class='ocrx_word' id='word_1_4' title='bbox 819 245 1070 313; x_wconf 78' lang='lat' dir='ltr'>CICERONIS</span> 
     </span>
    </p>
   </div>
   <div class='ocr_carea' id='block_1_2' title="bbox 134 384 1468 1605">
    <p class='ocr_par' dir='ltr' id='par_1_2' title="bbox 134 384 1468 1605">
     <span class='ocr_line' id='line_1_2' title="bbox 135 384 1462 474; baseline -0.005 -17"><span class='ocrx_word' id='word_1_5' title='bbox 135 394 197 457; x_wconf 88' lang='lat' dir='ltr'>bns</span> <span class='ocrx_word' id='word_1_6' title='bbox 218 391 327 457; x_wconf 80' lang='lat' dir='ltr'>verbis</span> <span class='ocrx_word' id='word_1_7' title='bbox 347 390 479 457; x_wconf 85' lang='lat' dir='ltr'>illudens</span> <span class='ocrx_word' id='word_1_8' title='bbox 500 401 532 457; x_wconf 87' lang='lat' dir='ltr'>et</span> <span class='ocrx_word' id='word_1_9' title='bbox 552 410 731 472; x_wconf 87' lang='lat' dir='ltr'>conspuens</span> <span class='ocrx_word' id='word_1_10' title='bbox 754 387 890 474; x_wconf 84' lang='lat' dir='ltr'>genibus</span> <span class='ocrx_word' id='word_1_11' title='bbox 916 387 980 453; x_wconf 89' lang='lat' dir='ltr'>suis</span> <span class='ocrx_word' id='word_1_12' title='bbox 1005 385 1172 472; x_wconf 84' lang='lat' dir='ltr'>imposuit3</span> <span class='ocrx_word' id='word_1_13' title='bbox 1201 396 1233 451; x_wconf 87' lang='lat' dir='ltr'>et</span> <span class='ocrx_word' id='word_1_14' title='bbox 1254 384 1398 473; x_wconf 75' lang='lat' dir='ltr'>linguam</span> <span class='ocrx_word' id='word_1_15' title='bbox 1421 408 1462 453; x_wconf 84' lang='lat' dir='ltr'>ex</span> 
     </span>
     <span class='ocr_line' id='line_1_3' title="bbox 138 481 1459 570; baseline -0.006 -17"><span class='ocrx_word' id='word_1_16' title='bbox 138 508 198 553; x_wconf 86' lang='lat' dir='ltr'>ore</span> <span class='ocrx_word' id='word_1_17' title='bbox 220 498 394 553; x_wconf 75' lang='lat' dir='ltr'>extractam</span> <span class='ocrx_word' id='word_1_18' title='bbox 416 486 552 562; x_wconf 78' lang='lat' dir='ltr'>roribus,</span> <span class='ocrx_word' id='word_1_19' title='bbox 575 484 690 570; x_wconf 75' lang='lat' dir='ltr'>artibus</span> <span class='ocrx_word' id='word_1_20' title='bbox 712 487 750 546; x_wconf 82' lang='lat' dir='ltr'>ed</span> <span class='ocrx_word' id='word_1_21' title='bbox 772 482 884 565; x_wconf 80' lang='lat' dir='ltr'>cepitis</span> <span class='ocrx_word' id='word_1_22' title='bbox 902 495 1049 546; x_wconf 82' lang='lat' dir='ltr'>ornatum</span> <span class='ocrx_word' id='word_1_23' title='bbox 1064 483 1233 556; x_wconf 81' lang='lat' dir='ltr'>utebatur,</span> <span class='ocrx_word' id='word_1_24' title='bbox 1255 481 1459 565; x_wconf 82' lang='lat' dir='ltr'>comprsnxit,</span> 
     </span>
     <span class='ocr_line' id='line_1_4' title="bbox 138 575 1462 664; baseline -0.007 -17"><span class='ocrx_word' id='word_1_25' title='bbox 138 578 252 647; x_wconf 77' lang='lat' dir='ltr'>additis</span> <span class='ocrx_word' id='word_1_26' title='bbox 282 578 386 645; x_wconf 86' lang='lat' dir='ltr'>multis</span> <span class='ocrx_word' id='word_1_27' title='bbox 406 578 509 664; x_wconf 89' lang='lat' dir='ltr'>iisque</span> <span class='ocrx_word' id='word_1_28' title='bbox 529 576 731 643; x_wconf 70' lang='lat' dir='ltr'>exsecrandis</span> <span class='ocrx_word' id='word_1_29' title='bbox 754 576 951 661; x_wconf 79' lang='lat' dir='ltr'>opprobriis.</span> <span class='ocrx_word' id='word_1_30' title='bbox 993 575 1126 640; x_wconf 81' lang='lat' dir='ltr'>Livius:</span> <span class='ocrx_word' id='word_1_31' title='bbox 1156 576 1215 641; x_wconf 85' lang='lat' dir='ltr'>Ita</span> <span class='ocrx_word' id='word_1_32' title='bbox 1232 576 1385 639; x_wconf 90' lang='lat' dir='ltr'>relatum</span> <span class='ocrx_word' id='word_1_33' title='bbox 1404 596 1462 657; x_wconf 77' lang='lat' dir='ltr'>ea·</span> 
     </span>
     <span class='ocr_line' id='line_1_5' title="bbox 134 666 1467 759; baseline -0.006 -21"><span class='ocrx_word' id='word_1_34' title='bbox 134 684 201 759; x_wconf 74' lang='lat' dir='ltr'>put</span> <span class='ocrx_word' id='word_1_35' title='bbox 218 674 268 737; x_wconf 82' lang='lat' dir='ltr'>ad</span> <span class='ocrx_word' id='word_1_36' title='bbox 287 674 478 739; x_wconf 83' lang='lat' dir='ltr'>Antonium</span> <span class='ocrx_word' id='word_1_37' title='bbox 497 673 660 759; x_wconf 81' lang='lat' dir='ltr'>iussuque</span> <span class='ocrx_word' id='word_1_38' title='bbox 681 670 756 736; x_wconf 90' lang='lat' dir='ltr'>eius</span> <span class='ocrx_word' id='word_1_39' title='bbox 777 670 868 735; x_wconf 89' lang='lat' dir='ltr'>inter</span> <span class='ocrx_word' id='word_1_40' title='bbox 888 670 976 732; x_wconf 86' lang='lat' dir='ltr'>duas</span> <span class='ocrx_word' id='word_1_41' title='bbox 1004 689 1127 732; x_wconf 88' lang='lat' dir='ltr'>manus</span> <span class='ocrx_word' id='word_1_42' title='bbox 1151 666 1188 731; x_wconf 89' lang='lat' dir='ltr'>in</span> <span class='ocrx_word' id='word_1_43' title='bbox 1209 667 1351 734; x_wconf 85' lang='lat' dir='ltr'>llostris</span> <span class='ocrx_word' id='word_1_44' title='bbox 1367 668 1467 755; x_wconf 66' lang='lat' dir='ltr'>post</span> 
     </span>
     <span class='ocr_line' id='line_1_6' title="bbox 137 761 1462 849; baseline -0.005 -16"><span class='ocrx_word' id='word_1_45' title='bbox 137 778 230 845; x_wconf 78' lang='lat' dir='ltr'>turn,</span> <span class='ocrx_word' id='word_1_46' title='bbox 253 766 313 833; x_wconf 78' lang='lat' dir='ltr'>ubi</span> <span class='ocrx_word' id='word_1_47' title='bbox 331 766 389 831; x_wconf 80' lang='lat' dir='ltr'>tlte</span> <span class='ocrx_word' id='word_1_48' title='bbox 412 769 533 832; x_wconf 83' lang='lat' dir='ltr'>consul</span> <span class='ocrx_word' id='word_1_49' title='bbox 540 810 549 843; x_wconf 89' lang='lat'><strong>,</strong></span> <span class='ocrx_word' id='word_1_50' title='bbox 572 765 631 829; x_wconf 83' lang='lat' dir='ltr'>ubi</span> <span class='ocrx_word' id='word_1_51' title='bbox 650 786 751 849; x_wconf 77' lang='lat' dir='ltr'>saepe</span> <span class='ocrx_word' id='word_1_52' title='bbox 771 762 983 839; x_wconf 83' lang='lat' dir='ltr'>consularis,</span> <span class='ocrx_word' id='word_1_53' title='bbox 1006 761 1065 826; x_wconf 88' lang='lat' dir='ltr'>ubi</span> <span class='ocrx_word' id='word_1_54' title='bbox 1084 784 1126 826; x_wconf 89' lang='lat' dir='ltr'>eo</span> <span class='ocrx_word' id='word_1_55' title='bbox 1143 761 1221 846; x_wconf 80' lang='lat' dir='ltr'>ipso</span> <span class='ocrx_word' id='word_1_56' title='bbox 1234 781 1328 827; x_wconf 82' lang='lat' dir='ltr'>anno</span> <span class='ocrx_word' id='word_1_57' title='bbox 1341 762 1462 827; x_wconf 82' lang='lat' dir='ltr'>aduer-</span> 
     </span>
     <span class='ocr_line' id='line_1_7' title="bbox 136 854 1468 947; baseline -0.007 -20"><span class='ocrx_word' id='word_1_58' title='bbox 136 884 200 927; x_wconf 90' lang='lat' dir='ltr'>sus</span> <span class='ocrx_word' id='word_1_59' title='bbox 220 862 430 937; x_wconf 85' lang='lat' dir='ltr'>Antonium,</span> <span class='ocrx_word' id='word_1_60' title='bbox 460 873 590 947; x_wconf 75' lang='lat' dir='ltr'>quauta</span> <span class='ocrx_word' id='word_1_61' title='bbox 617 861 714 922; x_wconf 76' lang='lat' dir='ltr'>usella</span> <span class='ocrx_word' id='word_1_62' title='bbox 739 880 890 945; x_wconf 77' lang='lat' dir='ltr'>uuquam</span> <span class='ocrx_word' id='word_1_63' title='bbox 914 859 1067 922; x_wconf 81' lang='lat' dir='ltr'>bumana</span> <span class='ocrx_word' id='word_1_64' title='bbox 1090 878 1178 933; x_wconf 77' lang='lat' dir='ltr'>vox,</span> <span class='ocrx_word' id='word_1_65' title='bbox 1208 877 1287 919; x_wconf 77' lang='lat' dir='ltr'>crau</span> <span class='ocrx_word' id='word_1_66' title='bbox 1308 854 1468 919; x_wconf 64' lang='lat' dir='ltr'>adnare</span> 
     </span>
     <span class='ocr_line' id='line_1_8' title="bbox 137 948 1462 1043; baseline -0.006 -22"><span class='ocrx_word' id='word_1_67' title='bbox 137 956 231 1021; x_wconf 85' lang='lat' dir='ltr'>tione</span> <span class='ocrx_word' id='word_1_68' title='bbox 257 954 469 1041; x_wconf 72' lang='lat' dir='ltr'>eloquentiae</span> <span class='ocrx_word' id='word_1_69' title='bbox 495 955 638 1018; x_wconf 82' lang='lat' dir='ltr'>auditus</span> <span class='ocrx_word' id='word_1_70' title='bbox 661 952 799 1043; x_wconf 80' lang='lat' dir='ltr'>fuerat.</span> <span class='ocrx_word' id='word_1_71' title='bbox 845 954 918 1019; x_wconf 80' lang='lat' dir='ltr'>Vix</span> <span class='ocrx_word' id='word_1_72' title='bbox 945 952 1139 1015; x_wconf 88' lang='lat' dir='ltr'>attollentes</span> <span class='ocrx_word' id='word_1_73' title='bbox 1164 948 1321 1013; x_wconf 82' lang='lat' dir='ltr'>lacrimis</span> <span class='ocrx_word' id='word_1_74' title='bbox 1345 950 1462 1013; x_wconf 89' lang='lat' dir='ltr'>oculos</span> 
     </span>
     <span class='ocr_line' id='line_1_9' title="bbox 136 1041 1459 1128; baseline -0.008 -13"><span class='ocrx_word' id='word_1_75' title='bbox 136 1049 292 1117; x_wconf 85' lang='lat' dir='ltr'>bomines</span> <span class='ocrx_word' id='word_1_76' title='bbox 311 1050 440 1116; x_wconf 84' lang='lat' dir='ltr'>intsseri</span> <span class='ocrx_word' id='word_1_77' title='bbox 456 1048 632 1114; x_wconf 83' lang='lat' dir='ltr'>trucidata</span> <span class='ocrx_word' id='word_1_78' title='bbox 647 1047 798 1111; x_wconf 86' lang='lat' dir='ltr'>membra</span> <span class='ocrx_word' id='word_1_79' title='bbox 814 1045 889 1111; x_wconf 86' lang='lat' dir='ltr'>eius</span> <span class='ocrx_word' id='word_1_80' title='bbox 905 1056 1080 1128; x_wconf 76' lang='lat' dir='ltr'><em>poterant.</em></span> <span class='ocrx_word' id='word_1_81' title='bbox 1113 1042 1298 1109; x_wconf 74' lang='lat' dir='ltr'>Cremutius</span> <span class='ocrx_word' id='word_1_82' title='bbox 1313 1041 1459 1108; x_wconf 85' lang='lat' dir='ltr'>Cordus:</span> 
     </span>
     <span class='ocr_line' id='line_1_10' title="bbox 137 1136 1463 1231; baseline -0.008 -20"><span class='ocrx_word' id='word_1_83' title='bbox 137 1144 325 1231; x_wconf 75' lang='lat' dir='ltr'>Praecipue</span> <span class='ocrx_word' id='word_1_84' title='bbox 339 1156 456 1210; x_wconf 84' lang='lat' dir='ltr'>tumen</span> <span class='ocrx_word' id='word_1_85' title='bbox 473 1144 573 1209; x_wconf 88' lang='lat' dir='ltr'>solnit</span> <span class='ocrx_word' id='word_1_86' title='bbox 586 1154 731 1226; x_wconf 76' lang='lat' dir='ltr'>pectora</span> <span class='ocrx_word' id='word_1_87' title='bbox 748 1139 902 1205; x_wconf 82' lang='lat' dir='ltr'>orunium</span> <span class='ocrx_word' id='word_1_88' title='bbox 920 1141 958 1203; x_wconf 88' lang='lat' dir='ltr'>in</span> <span class='ocrx_word' id='word_1_89' title='bbox 975 1140 1138 1204; x_wconf 76' lang='lat' dir='ltr'>lacrimas</span> <span class='ocrx_word' id='word_1_90' title='bbox 1157 1137 1377 1223; x_wconf 74' lang='lat' dir='ltr'>gemitusque</span> <span class='ocrx_word' id='word_1_91' title='bbox 1391 1136 1463 1200; x_wconf 85' lang='lat' dir='ltr'>nisa</span> 
     </span>
     <span class='ocr_line' id='line_1_11' title="bbox 137 1229 1462 1323; baseline -0.006 -22"><span class='ocrx_word' id='word_1_92' title='bbox 137 1236 186 1301; x_wconf 80' lang='lat' dir='ltr'>ad</span> <span class='ocrx_word' id='word_1_93' title='bbox 204 1250 309 1323; x_wconf 78' lang='lat' dir='ltr'>cama</span> <span class='ocrx_word' id='word_1_94' title='bbox 328 1239 404 1305; x_wconf 89' lang='lat' dir='ltr'>eius</span> <span class='ocrx_word' id='word_1_95' title='bbox 421 1238 576 1321; x_wconf 83' lang='lat' dir='ltr'>deligata</span> <span class='ocrx_word' id='word_1_96' title='bbox 593 1234 881 1317; x_wconf 59' lang='lat' dir='ltr'>maurissionem,</span> <span class='ocrx_word' id='word_1_97' title='bbox 904 1233 1039 1297; x_wconf 84' lang='lat' dir='ltr'>divinae</span> <span class='ocrx_word' id='word_1_98' title='bbox 1057 1230 1269 1318; x_wconf 75' lang='lat' dir='ltr'>eloquentiae</span> <span class='ocrx_word' id='word_1_99' title='bbox 1286 1229 1462 1302; x_wconf 72' lang='lat' dir='ltr'>ministras</span> 
     </span>
     <span class='ocr_line' id='line_1_12' title="bbox 138 1325 1461 1420; baseline -0.008 -25"><span class='ocrx_word' id='word_1_100' title='bbox 138 1342 397 1420; x_wconf 81' lang='lat' dir='ltr'>ceterorumque</span> <span class='ocrx_word' id='word_1_101' title='bbox 418 1332 539 1396; x_wconf 73' lang='lat' dir='ltr'>eosdm</span> <span class='ocrx_word' id='word_1_102' title='bbox 558 1330 713 1415; x_wconf 77' lang='lat' dir='ltr'>priuatos</span> <span class='ocrx_word' id='word_1_103' title='bbox 734 1331 846 1392; x_wconf 84' lang='lat' dir='ltr'>luctus</span> <span class='ocrx_word' id='word_1_104' title='bbox 864 1326 1118 1402; x_wconf 75' lang='lat' dir='ltr'>excitauerunt,</span> <span class='ocrx_word' id='word_1_105' title='bbox 1142 1325 1203 1389; x_wconf 90' lang='lat' dir='ltr'>illa</span> <span class='ocrx_word' id='word_1_106' title='bbox 1223 1344 1297 1387; x_wconf 90' lang='lat' dir='ltr'>una</span> <span class='ocrx_word' id='word_1_107' title='bbox 1311 1344 1461 1389; x_wconf 86' lang='lat' dir='ltr'>commu·</span> 
     </span>
     <span class='ocr_line' id='line_1_13' title="bbox 139 1414 1461 1506; baseline -0.007 -19"><span class='ocrx_word' id='word_1_108' title='bbox 139 1446 229 1491; x_wconf 90' lang='lat' dir='ltr'>uem.</span> <span class='ocrx_word' id='word_1_109' title='bbox 272 1429 418 1492; x_wconf 88' lang='lat' dir='ltr'>Mortem</span> <span class='ocrx_word' id='word_1_110' title='bbox 446 1424 613 1491; x_wconf 83' lang='lat' dir='ltr'>Ciceronis</span> <span class='ocrx_word' id='word_1_111' title='bbox 643 1422 786 1487; x_wconf 83' lang='lat' dir='ltr'>versibus</span> <span class='ocrx_word' id='word_1_112' title='bbox 816 1419 1054 1506; x_wconf 75' lang='lat' dir='ltr'>elegantissimis</span> <span class='ocrx_word' id='word_1_113' title='bbox 1084 1417 1263 1504; x_wconf 76' lang='lat' dir='ltr'>deploravit</span> <span class='ocrx_word' id='word_1_114' title='bbox 1291 1414 1461 1483; x_wconf 86' lang='lat' dir='ltr'>Cornelius</span> 
     </span>
     <span class='ocr_line' id='line_1_14' title="bbox 139 1518 889 1605; baseline -0.005 -23"><span class='ocrx_word' id='word_1_115' title='bbox 139 1518 298 1585; x_wconf 81' lang='lat' dir='ltr'>Severus:</span> <span class='ocrx_word' id='word_1_116' title='bbox 321 1520 354 1585; x_wconf 91' lang='lat' dir='ltr'>in</span> <span class='ocrx_word' id='word_1_117' title='bbox 376 1518 490 1605; x_wconf 86' lang='lat' dir='ltr'>quibus</span> <span class='ocrx_word' id='word_1_118' title='bbox 512 1531 600 1596; x_wconf 82' lang='lat' dir='ltr'>sunt,</span> <span class='ocrx_word' id='word_1_119' title='bbox 624 1518 680 1605; x_wconf 86' lang='lat' dir='ltr'>qni</span> <span class='ocrx_word' id='word_1_120' title='bbox 701 1527 889 1603; x_wconf 85' lang='lat' dir='ltr'>sequnntur.</span> 
     </span>
    </p>
   </div>
   <div class='ocr_carea' id='block_1_3' title="bbox 298 1644 1273 2669">
    <p class='ocr_par' dir='ltr' id='par_1_3' title="bbox 298 1644 1273 2669">
     <span class='ocr_line' id='line_1_15' title="bbox 309 1644 1156 1734; baseline -0.006 -21"><span class='ocrx_word' id='word_1_121' title='bbox 309 1644 467 1713; x_wconf 83' lang='lat' dir='ltr'>Abstnltt</span> <span class='ocrx_word' id='word_1_122' title='bbox 487 1666 561 1713; x_wconf 79' lang='lat' dir='ltr'>urso</span> <span class='ocrx_word' id='word_1_123' title='bbox 579 1647 656 1713; x_wconf 82' lang='lat' dir='ltr'>dtes</span> <span class='ocrx_word' id='word_1_124' title='bbox 675 1648 755 1711; x_wconf 85' lang='lat' dir='ltr'>uest</span> <span class='ocrx_word' id='word_1_125' title='bbox 775 1644 879 1711; x_wconf 81' lang='lat' dir='ltr'>deoru</span> <span class='ocrx_word' id='word_1_126' title='bbox 899 1650 1038 1734; x_wconf 73' lang='lat' dir='ltr'>totaque</span> <span class='ocrx_word' id='word_1_127' title='bbox 1059 1644 1156 1709; x_wconf 85' lang='lat' dir='ltr'>luctu</span> 
     </span>
     <span class='ocr_line' id='line_1_16' title="bbox 311 1734 1142 1827; baseline -0.005 -22"><span class='ocrx_word' id='word_1_128' title='bbox 311 1734 489 1807; x_wconf 82' lang='lat' dir='ltr'>Corsttcutt</span> <span class='ocrx_word' id='word_1_129' title='bbox 508 1738 639 1807; x_wconf 72' lang='lat' dir='ltr'>Latiae</span> <span class='ocrx_word' id='word_1_130' title='bbox 658 1743 772 1807; x_wconf 84' lang='lat' dir='ltr'>trtstls</span> <span class='ocrx_word' id='word_1_131' title='bbox 790 1734 963 1825; x_wconf 67' lang='lat' dir='ltr'>fausrsdta</span> <span class='ocrx_word' id='word_1_132' title='bbox 983 1739 1142 1827; x_wconf 70' lang='lat' dir='ltr'>littoreae,</span> 
     </span>
     <span class='ocr_line' id='line_1_17' title="bbox 312 1830 1133 1924; baseline -0.006 -24"><span class='ocrx_word' id='word_1_133' title='bbox 312 1831 424 1900; x_wconf 82' lang='lat' dir='ltr'>Uulca</span> <span class='ocrx_word' id='word_1_134' title='bbox 445 1833 606 1901; x_wconf 84' lang='lat' dir='ltr'>sollteltts</span> <span class='ocrx_word' id='word_1_135' title='bbox 626 1833 799 1924; x_wconf 78' lang='lat' dir='ltr'>ossmsdom</span> <span class='ocrx_word' id='word_1_136' title='bbox 820 1831 934 1899; x_wconf 74' lang='lat' dir='ltr'>lectolo</span> <span class='ocrx_word' id='word_1_137' title='bbox 953 1830 1133 1921; x_wconf 73' lang='lat' dir='ltr'>solusque,</span> 
     </span>
     <span class='ocr_line' id='line_1_18' title="bbox 307 1923 1206 2014; baseline -0.006 -21"><span class='ocrx_word' id='word_1_138' title='bbox 307 1923 500 2014; x_wconf 64' lang='lat' dir='ltr'>Burconem</span> <span class='ocrx_word' id='word_1_139' title='bbox 520 1945 656 2006; x_wconf 80' lang='lat' dir='ltr'>semper</span> <span class='ocrx_word' id='word_1_140' title='bbox 675 1928 816 2013; x_wconf 71' lang='lat' dir='ltr'>palmae</span> <span class='ocrx_word' id='word_1_141' title='bbox 837 1930 959 2013; x_wconf 74' lang='lat' dir='ltr'>comet:</span> <span class='ocrx_word' id='word_1_142' title='bbox 981 1923 1041 1991; x_wconf 86' lang='lat' dir='ltr'>tlte</span> <span class='ocrx_word' id='word_1_143' title='bbox 1061 1928 1206 1990; x_wconf 83' lang='lat' dir='ltr'>sersatsu</span> 
     </span>
     <span class='ocr_line' id='line_1_19' title="bbox 314 2018 1260 2110; baseline -0.006 -23"><span class='ocrx_word' id='word_1_144' title='bbox 314 2018 467 2109; x_wconf 69' lang='lat' dir='ltr'>voute,</span> <span class='ocrx_word' id='word_1_145' title='bbox 488 2019 547 2087; x_wconf 85' lang='lat' dir='ltr'>tlte</span> <span class='ocrx_word' id='word_1_146' title='bbox 567 2018 657 2110; x_wconf 71' lang='lat' dir='ltr'>fort,</span> <span class='ocrx_word' id='word_1_147' title='bbox 680 2019 793 2108; x_wconf 72' lang='lat' dir='ltr'>lcyum</span> <span class='ocrx_word' id='word_1_148' title='bbox 813 2021 965 2108; x_wconf 73' lang='lat' dir='ltr'>tuusque</span> <span class='ocrx_word' id='word_1_149' title='bbox 986 2023 1153 2106; x_wconf 65' lang='lat' dir='ltr'>togaeque</span> <span class='ocrx_word' id='word_1_150' title='bbox 1256 2036 1260 2041; x_wconf 93' lang='lat'>·</span> 
     </span>
     <span class='ocr_line' id='line_1_20' title="bbox 308 2111 1216 2181; baseline -0.008 0"><span class='ocrx_word' id='word_1_151' title='bbox 308 2111 457 2181; x_wconf 88' lang='lat' dir='ltr'>Publtco</span> <span class='ocrx_word' id='word_1_152' title='bbox 476 2134 547 2180; x_wconf 77' lang='lat' dir='ltr'>oon</span> <span class='ocrx_word' id='word_1_153' title='bbox 568 2118 683 2181; x_wconf 82' lang='lat' dir='ltr'>sneots</span> <span class='ocrx_word' id='word_1_154' title='bbox 703 2118 886 2181; x_wconf 79' lang='lat' dir='ltr'>ostentum</span> <span class='ocrx_word' id='word_1_155' title='bbox 906 2112 1077 2177; x_wconf 82' lang='lat' dir='ltr'>obmututt</span> <span class='ocrx_word' id='word_1_156' title='bbox 1098 2113 1216 2176; x_wconf 76' lang='lat' dir='ltr'>omits.</span> 
     </span>
     <span class='ocr_line' id='line_1_21' title="bbox 309 2200 1180 2296; baseline -0.008 -20"><span class='ocrx_word' id='word_1_157' title='bbox 309 2204 482 2293; x_wconf 76' lang='lat' dir='ltr'>Iut&#39;ormes</span> <span class='ocrx_word' id='word_1_158' title='bbox 503 2209 617 2275; x_wconf 84' lang='lat' dir='ltr'>voltus</span> <span class='ocrx_word' id='word_1_159' title='bbox 637 2224 862 2296; x_wconf 73' lang='lat' dir='ltr'>sparsamque</span> <span class='ocrx_word' id='word_1_160' title='bbox 883 2222 1005 2271; x_wconf 80' lang='lat' dir='ltr'>errrore</span> <span class='ocrx_word' id='word_1_161' title='bbox 1026 2200 1180 2289; x_wconf 67' lang='lat' dir='ltr'>rufarsdo</span> 
     </span>
     <span class='ocr_line' id='line_1_22' title="bbox 298 2296 1273 2390; baseline -0.005 -22"><span class='ocrx_word' id='word_1_162' title='bbox 298 2296 492 2369; x_wconf 74' lang='lat' dir='ltr'>&#39;Carutteer</span> <span class='ocrx_word' id='word_1_163' title='bbox 510 2305 697 2390; x_wconf 79' lang='lat' dir='ltr'>sacrosque</span> <span class='ocrx_word' id='word_1_164' title='bbox 717 2316 843 2365; x_wconf 81' lang='lat' dir='ltr'>morum</span> <span class='ocrx_word' id='word_1_165' title='bbox 864 2315 1069 2389; x_wconf 76' lang='lat' dir='ltr'>opeurmque</span> <span class='ocrx_word' id='word_1_166' title='bbox 1090 2298 1273 2363; x_wconf 83' lang='lat' dir='ltr'>mtrtlstras</span> 
     </span>
     <span class='ocr_line' id='line_1_23' title="bbox 313 2390 1138 2481; baseline -0.002 -22"><span class='ocrx_word' id='word_1_167' title='bbox 313 2390 509 2461; x_wconf 71' lang='lat' dir='ltr'>rmum</span> <span class='ocrx_word' id='word_1_168' title='bbox 533 2392 678 2481; x_wconf 76' lang='lat' dir='ltr'>pedlbus</span> <span class='ocrx_word' id='word_1_169' title='bbox 700 2396 784 2459; x_wconf 78' lang='lat' dir='ltr'>stols</span> <span class='ocrx_word' id='word_1_170' title='bbox 804 2396 961 2479; x_wconf 80' lang='lat' dir='ltr'>protecta</span> <span class='ocrx_word' id='word_1_171' title='bbox 981 2390 1138 2479; x_wconf 77' lang='lat' dir='ltr'>steperbts</span> 
     </span>
     <span class='ocr_line' id='line_1_24' title="bbox 309 2482 1191 2575; baseline -0.007 -18"><span class='ocrx_word' id='word_1_172' title='bbox 309 2482 536 2557; x_wconf 75' lang='lat' dir='ltr'>Proculcauit</span> <span class='ocrx_word' id='word_1_173' title='bbox 556 2504 682 2575; x_wconf 78' lang='lat' dir='ltr'>oraru,</span> <span class='ocrx_word' id='word_1_174' title='bbox 703 2504 767 2552; x_wconf 86' lang='lat' dir='ltr'>uec</span> <span class='ocrx_word' id='word_1_175' title='bbox 788 2483 921 2551; x_wconf 75' lang='lat' dir='ltr'>tetros</span> <span class='ocrx_word' id='word_1_176' title='bbox 940 2482 1191 2573; x_wconf 71' lang='lat' dir='ltr'>[studensque</span> 
     </span>
     <span class='ocr_line' id='line_1_25' title="bbox 310 2575 1113 2669; baseline -0.001 -24"><span class='ocrx_word' id='word_1_177' title='bbox 310 2576 502 2669; x_wconf 57' lang='lat' dir='ltr'>Remeat&amp;</span> <span class='ocrx_word' id='word_1_178' title='bbox 523 2578 620 2647; x_wconf 82' lang='lat' dir='ltr'>nullo</span> <span class='ocrx_word' id='word_1_179' title='bbox 640 2579 713 2646; x_wconf 82' lang='lat' dir='ltr'>lrset</span> <span class='ocrx_word' id='word_1_180' title='bbox 733 2576 798 2645; x_wconf 83' lang='lat' dir='ltr'>ltoc</span> <span class='ocrx_word' id='word_1_181' title='bbox 818 2575 996 2645; x_wconf 82' lang='lat' dir='ltr'>Arstoutus</span> <span class='ocrx_word' id='word_1_182' title='bbox 1016 2596 1113 2644; x_wconf 84' lang='lat' dir='ltr'>aero.</span> 
     </span>
    </p>
   </div>
   <div class='ocr_carea' id='block_1_4' title="bbox 131 2692 1470 4657">
    <p class='ocr_par' dir='ltr' id='par_1_4' title="bbox 131 2692 1469 4455">
     <span class='ocr_line' id='line_1_26' title="bbox 224 2692 1462 2777; baseline 0.004 -16"><span class='ocrx_word' id='word_1_183' title='bbox 224 2694 412 2761; x_wconf 78' lang='lat' dir='ltr'>Paterentur</span> <span class='ocrx_word' id='word_1_184' title='bbox 434 2702 510 2777; x_wconf 79' lang='lat' dir='ltr'>post</span> <span class='ocrx_word' id='word_1_185' title='bbox 529 2706 687 2759; x_wconf 73' lang='lat' dir='ltr'>narratam</span> <span class='ocrx_word' id='word_1_186' title='bbox 711 2697 839 2758; x_wconf 78' lang='lat' dir='ltr'>credens</span> <span class='ocrx_word' id='word_1_187' title='bbox 862 2694 914 2757; x_wconf 89' lang='lat' dir='ltr'>M.</span> <span class='ocrx_word' id='word_1_188' title='bbox 940 2692 1039 2758; x_wconf 84' lang='lat' dir='ltr'>&#39;l&#39;nllii</span> <span class='ocrx_word' id='word_1_189' title='bbox 1069 2694 1099 2757; x_wconf 94' lang='lat' dir='ltr'>in</span> <span class='ocrx_word' id='word_1_190' title='bbox 1128 2695 1207 2758; x_wconf 83' lang='lat' dir='ltr'>boec</span> <span class='ocrx_word' id='word_1_191' title='bbox 1234 2699 1337 2761; x_wconf 81' lang='lat' dir='ltr'>verbs</span> <span class='ocrx_word' id='word_1_192' title='bbox 1360 2720 1462 2765; x_wconf 77' lang='lat' dir='ltr'>errin-</span> 
     </span>
     <span class='ocr_line' id='line_1_27' title="bbox 143 2786 1462 2897; baseline 0.002 -42"><span class='ocrx_word' id='word_1_193' title='bbox 143 2788 191 2875; x_wconf 81' lang='lat' dir='ltr'>pit</span> <span class='ocrx_word' id='word_1_194' title='bbox 218 2789 249 2854; x_wconf 93' lang='lat'>1.</span> <span class='ocrx_word' id='word_1_195' title='bbox 273 2786 496 2897; x_wconf 45' lang='grc' dir='ltr'>ὁόἪΝἰΙυἸ</span> <span class='ocrx_word' id='word_1_196' title='bbox 520 2800 636 2853; x_wconf 90' lang='lat' dir='ltr'>tamen</span> <span class='ocrx_word' id='word_1_197' title='bbox 663 2790 785 2873; x_wconf 84' lang='lat' dir='ltr'>egisti,</span> <span class='ocrx_word' id='word_1_198' title='bbox 814 2790 871 2856; x_wconf 89' lang='grc' dir='ltr'>Μ.</span> <span class='ocrx_word' id='word_1_199' title='bbox 894 2787 1047 2863; x_wconf 84' lang='lat' dir='ltr'>Antoni,</span> <span class='ocrx_word' id='word_1_200' title='bbox 1080 2790 1269 2854; x_wconf 81' lang='lat' dir='ltr'>mercedem</span> <span class='ocrx_word' id='word_1_201' title='bbox 1293 2794 1462 2858; x_wconf 87' lang='lat' dir='ltr'>caelestis·</span> 
     </span>
     <span class='ocr_line' id='line_1_28' title="bbox 142 2882 1465 2973; baseline -0.002 -20"><span class='ocrx_word' id='word_1_202' title='bbox 142 2882 375 2953; x_wconf 70' lang='lat' dir='ltr'>simi-orirer</span> <span class='ocrx_word' id='word_1_203' title='bbox 394 2882 579 2947; x_wconf 73' lang='lat' dir='ltr'>clarissimi</span> <span class='ocrx_word' id='word_1_204' title='bbox 600 2883 722 2968; x_wconf 74' lang='lat' dir='ltr'>eapitis</span> <span class='ocrx_word' id='word_1_205' title='bbox 756 2882 881 2945; x_wconf 85' lang='lat' dir='ltr'>abscisi</span> <span class='ocrx_word' id='word_1_206' title='bbox 902 2882 1116 2946; x_wconf 83' lang='lat' dir='ltr'>numerando</span> <span class='ocrx_word' id='word_1_207' title='bbox 1142 2895 1465 2973; x_wconf 77' lang='lat' dir='ltr'>ascetoramentoque</span> 
     </span>
     <span class='ocr_line' id='line_1_29' title="bbox 131 2972 1466 3069; baseline 0.004 -29"><span class='ocrx_word' id='word_1_208' title='bbox 131 2972 287 3069; x_wconf 82' lang='lat' dir='ltr'>funebri</span> <span class='ocrx_word' id='word_1_209' title='bbox 313 2976 362 3041; x_wconf 84' lang='lat' dir='ltr'>ad</span> <span class='ocrx_word' id='word_1_210' title='bbox 387 2977 639 3041; x_wconf 81' lang='lat' dir='ltr'>conservatoris</span> <span class='ocrx_word' id='word_1_211' title='bbox 666 2977 839 3061; x_wconf 72' lang='lat' dir='ltr'>assandam</span> <span class='ocrx_word' id='word_1_212' title='bbox 872 2976 1104 3060; x_wconf 82' lang='lat' dir='ltr'>reipublicae</span> <span class='ocrx_word' id='word_1_213' title='bbox 1132 2977 1287 3062; x_wconf 72' lang='lat' dir='ltr'>tantique</span> <span class='ocrx_word' id='word_1_214' title='bbox 1316 2980 1466 3045; x_wconf 88' lang='lat' dir='ltr'>consulis</span> 
     </span>
     <span class='ocr_line' id='line_1_30' title="bbox 143 3069 1465 3156; baseline 0.003 -21"><span class='ocrx_word' id='word_1_215' title='bbox 143 3070 322 3136; x_wconf 80' lang='lat' dir='ltr'>inritando</span> <span class='ocrx_word' id='word_1_216' title='bbox 341 3091 468 3134; x_wconf 87' lang='lat' dir='ltr'>necem.</span> <span class='ocrx_word' id='word_1_217' title='bbox 503 3069 665 3156; x_wconf 84' lang='lat' dir='ltr'>Ilapuisti</span> <span class='ocrx_word' id='word_1_218' title='bbox 685 3082 724 3133; x_wconf 88' lang='lat' dir='ltr'>tn</span> <span class='ocrx_word' id='word_1_219' title='bbox 742 3072 799 3137; x_wconf 86' lang='lat' dir='ltr'>M.</span> <span class='ocrx_word' id='word_1_220' title='bbox 814 3070 971 3137; x_wconf 82' lang='lat' dir='ltr'>Ciceroni</span> <span class='ocrx_word' id='word_1_221' title='bbox 989 3073 1098 3135; x_wconf 90' lang='lat' dir='ltr'>lucem</span> <span class='ocrx_word' id='word_1_222' title='bbox 1119 3070 1302 3135; x_wconf 86' lang='lat' dir='ltr'>sollicitam</span> <span class='ocrx_word' id='word_1_223' title='bbox 1321 3086 1356 3137; x_wconf 89' lang='lat' dir='ltr'>et</span> <span class='ocrx_word' id='word_1_224' title='bbox 1371 3086 1465 3138; x_wconf 86' lang='lat' dir='ltr'>aeta·</span> 
     </span>
     <span class='ocr_line' id='line_1_31' title="bbox 143 3162 1466 3249; baseline 0.005 -22"><span class='ocrx_word' id='word_1_225' title='bbox 143 3174 213 3227; x_wconf 86' lang='lat' dir='ltr'>tem</span> <span class='ocrx_word' id='word_1_226' title='bbox 230 3163 372 3228; x_wconf 84' lang='lat' dir='ltr'>senilem</span> <span class='ocrx_word' id='word_1_227' title='bbox 392 3176 425 3227; x_wconf 88' lang='lat' dir='ltr'>et</span> <span class='ocrx_word' id='word_1_228' title='bbox 445 3162 551 3226; x_wconf 84' lang='lat' dir='ltr'>eitam</span> <span class='ocrx_word' id='word_1_229' title='bbox 572 3163 786 3228; x_wconf 78' lang='lat' dir='ltr'>miseriorem</span> <span class='ocrx_word' id='word_1_230' title='bbox 807 3177 840 3229; x_wconf 91' lang='lat' dir='ltr'>te</span> <span class='ocrx_word' id='word_1_231' title='bbox 858 3163 1015 3248; x_wconf 78' lang='lat' dir='ltr'>principe</span> <span class='ocrx_word' id='word_1_232' title='bbox 1035 3186 1138 3249; x_wconf 83' lang='lat' dir='ltr'>quam</span> <span class='ocrx_word' id='word_1_233' title='bbox 1155 3166 1219 3228; x_wconf 88' lang='lat' dir='ltr'>sub</span> <span class='ocrx_word' id='word_1_234' title='bbox 1236 3176 1269 3229; x_wconf 90' lang='lat' dir='ltr'>te</span> <span class='ocrx_word' id='word_1_235' title='bbox 1283 3167 1466 3233; x_wconf 85' lang='lat' dir='ltr'>triumuiro</span> 
     </span>
     <span class='ocr_line' id='line_1_32' title="bbox 145 3255 1466 3349; baseline 0.003 -26"><span class='ocrx_word' id='word_1_236' title='bbox 145 3269 308 3323; x_wconf 83' lang='lat' dir='ltr'>mortem.-</span> <span class='ocrx_word' id='word_1_237' title='bbox 324 3255 475 3348; x_wconf 83' lang='lat' dir='ltr'>famam</span> <span class='ocrx_word' id='word_1_238' title='bbox 502 3278 584 3320; x_wconf 83' lang='lat' dir='ltr'>uero</span> <span class='ocrx_word' id='word_1_239' title='bbox 611 3257 827 3344; x_wconf 78' lang='lat' dir='ltr'>gloriamque</span> <span class='ocrx_word' id='word_1_240' title='bbox 842 3256 1035 3349; x_wconf 84' lang='lat' dir='ltr'>sactorum</span> <span class='ocrx_word' id='word_1_241' title='bbox 1060 3270 1162 3344; x_wconf 75' lang='lat' dir='ltr'>atque</span> <span class='ocrx_word' id='word_1_242' title='bbox 1186 3257 1360 3325; x_wconf 81' lang='lat' dir='ltr'>dictorum</span> <span class='ocrx_word' id='word_1_243' title='bbox 1381 3264 1466 3327; x_wconf 79' lang='lat' dir='ltr'>adeo</span> 
     </span>
     <span class='ocr_line' id='line_1_33' title="bbox 144 3349 1467 3438; baseline 0.005 -23"><span class='ocrx_word' id='word_1_244' title='bbox 144 3370 215 3415; x_wconf 90' lang='lat' dir='ltr'>uon</span> <span class='ocrx_word' id='word_1_245' title='bbox 235 3349 426 3427; x_wconf 87' lang='lat' dir='ltr'>abstulisti,</span> <span class='ocrx_word' id='word_1_246' title='bbox 463 3361 503 3413; x_wconf 91' lang='lat' dir='ltr'>ut</span> <span class='ocrx_word' id='word_1_247' title='bbox 523 3350 681 3415; x_wconf 82' lang='lat' dir='ltr'>austeris.</span> <span class='ocrx_word' id='word_1_248' title='bbox 729 3352 821 3418; x_wconf 85' lang='lat' dir='ltr'>Vivit</span> <span class='ocrx_word' id='word_1_249' title='bbox 843 3352 994 3438; x_wconf 77' lang='lat' dir='ltr'>nivetque</span> <span class='ocrx_word' id='word_1_250' title='bbox 1016 3375 1082 3436; x_wconf 81' lang='lat' dir='ltr'>per</span> <span class='ocrx_word' id='word_1_251' title='bbox 1111 3373 1246 3418; x_wconf 90' lang='lat' dir='ltr'>omnem</span> <span class='ocrx_word' id='word_1_252' title='bbox 1272 3358 1467 3422; x_wconf 87' lang='lat' dir='ltr'>seculorum</span> 
     </span>
     <span class='ocr_line' id='line_1_34' title="bbox 145 3441 1467 3536; baseline 0.005 -29"><span class='ocrx_word' id='word_1_253' title='bbox 145 3443 365 3509; x_wconf 76' lang='lat' dir='ltr'>memoriam:</span> <span class='ocrx_word' id='word_1_254' title='bbox 386 3442 533 3529; x_wconf 78' lang='lat' dir='ltr'>dumque</span> <span class='ocrx_word' id='word_1_255' title='bbox 555 3442 618 3507; x_wconf 87' lang='lat' dir='ltr'>lroc</span> <span class='ocrx_word' id='word_1_256' title='bbox 640 3446 692 3507; x_wconf 84' lang='lat' dir='ltr'>nel</span> <span class='ocrx_word' id='word_1_257' title='bbox 700 3441 809 3536; x_wconf 86' lang='lat' dir='ltr'>forte</span> <span class='ocrx_word' id='word_1_258' title='bbox 830 3448 882 3509; x_wconf 83' lang='lat' dir='ltr'>nel</span> <span class='ocrx_word' id='word_1_259' title='bbox 899 3445 1116 3529; x_wconf 86' lang='lat' dir='ltr'>prouidentia</span> <span class='ocrx_word' id='word_1_260' title='bbox 1134 3449 1186 3510; x_wconf 85' lang='lat' dir='ltr'>vel</span> <span class='ocrx_word' id='word_1_261' title='bbox 1202 3458 1376 3533; x_wconf 74' lang='lat' dir='ltr'>utcunque</span> <span class='ocrx_word' id='word_1_262' title='bbox 1390 3470 1467 3515; x_wconf 89' lang='lat' dir='ltr'>cou-</span> 
     </span>
     <span class='ocr_line' id='line_1_35' title="bbox 143 3535 1467 3624; baseline 0.003 -21"><span class='ocrx_word' id='word_1_263' title='bbox 143 3535 305 3603; x_wconf 90' lang='lat' dir='ltr'>stitutum</span> <span class='ocrx_word' id='word_1_264' title='bbox 325 3556 444 3601; x_wconf 88' lang='lat' dir='ltr'>rerum</span> <span class='ocrx_word' id='word_1_265' title='bbox 465 3550 610 3601; x_wconf 88' lang='lat' dir='ltr'>naturae</span> <span class='ocrx_word' id='word_1_266' title='bbox 631 3559 776 3621; x_wconf 81' lang='lat' dir='ltr'>corpus,</span> <span class='ocrx_word' id='word_1_267' title='bbox 799 3539 892 3624; x_wconf 74' lang='lat' dir='ltr'>quod</span> <span class='ocrx_word' id='word_1_268' title='bbox 913 3539 971 3603; x_wconf 88' lang='lat' dir='ltr'>ille</span> <span class='ocrx_word' id='word_1_269' title='bbox 990 3560 1099 3623; x_wconf 81' lang='lat' dir='ltr'>paene</span> <span class='ocrx_word' id='word_1_270' title='bbox 1123 3543 1215 3605; x_wconf 83' lang='lat' dir='ltr'>solus</span> <span class='ocrx_word' id='word_1_271' title='bbox 1229 3544 1467 3608; x_wconf 85' lang='lat' dir='ltr'>Romanorum</span> 
     </span>
     <span class='ocr_line' id='line_1_36' title="bbox 143 3618 1466 3719; baseline 0.004 -22"><span class='ocrx_word' id='word_1_272' title='bbox 143 3630 264 3697; x_wconf 76' lang='lat' dir='ltr'>unium</span> <span class='ocrx_word' id='word_1_273' title='bbox 284 3618 385 3706; x_wconf 74' lang='lat' dir='ltr'>utu,</span> <span class='ocrx_word' id='word_1_274' title='bbox 408 3628 549 3715; x_wconf 84' lang='lat' dir='ltr'>iugenio</span> <span class='ocrx_word' id='word_1_275' title='bbox 567 3633 768 3715; x_wconf 77' lang='lat' dir='ltr'>complexus</span> <span class='ocrx_word' id='word_1_276' title='bbox 789 3644 859 3706; x_wconf 85' lang='lat' dir='ltr'>est,</span> <span class='ocrx_word' id='word_1_277' title='bbox 889 3632 1084 3719; x_wconf 67' lang='grc' dir='ltr'>οἱοᾳωηίία</span> <span class='ocrx_word' id='word_1_278' title='bbox 1103 3633 1328 3710; x_wconf 83' lang='lat' dir='ltr'>illuminarit,</span> <span class='ocrx_word' id='word_1_279' title='bbox 1352 3658 1466 3702; x_wconf 85' lang='lat' dir='ltr'>mune·</span> 
     </span>
     <span class='ocr_line' id='line_1_37' title="bbox 144 3723 1466 3817; baseline 0.001 -24"><span class='ocrx_word' id='word_1_280' title='bbox 144 3726 195 3793; x_wconf 79' lang='lat' dir='ltr'>ott</span> <span class='ocrx_word' id='word_1_281' title='bbox 215 3724 403 3800; x_wconf 79' lang='lat' dir='ltr'>incolume,</span> <span class='ocrx_word' id='word_1_282' title='bbox 425 3723 584 3790; x_wconf 89' lang='lat' dir='ltr'>comitem</span> <span class='ocrx_word' id='word_1_283' title='bbox 603 3724 678 3788; x_wconf 83' lang='lat' dir='ltr'>aevi</span> <span class='ocrx_word' id='word_1_284' title='bbox 700 3723 756 3787; x_wconf 89' lang='lat' dir='ltr'>sui</span> <span class='ocrx_word' id='word_1_285' title='bbox 775 3724 912 3790; x_wconf 87' lang='lat' dir='ltr'>laudem</span> <span class='ocrx_word' id='word_1_286' title='bbox 933 3726 1107 3793; x_wconf 84' lang='lat' dir='ltr'>Ciceronis</span> <span class='ocrx_word' id='word_1_287' title='bbox 1128 3730 1259 3803; x_wconf 76' lang='lat' dir='ltr'>trahet,</span> <span class='ocrx_word' id='word_1_288' title='bbox 1289 3731 1466 3817; x_wconf 82' lang='lat' dir='ltr'>omnisque</span> 
     </span>
     <span class='ocr_line' id='line_1_38' title="bbox 140 3814 1466 3914; baseline 0.005 -32"><span class='ocrx_word' id='word_1_289' title='bbox 140 3816 332 3907; x_wconf 71' lang='lat' dir='ltr'>peruritur</span> <span class='ocrx_word' id='word_1_290' title='bbox 349 3815 444 3881; x_wconf 87' lang='lat' dir='ltr'>illius</span> <span class='ocrx_word' id='word_1_291' title='bbox 464 3814 553 3880; x_wconf 90' lang='lat' dir='ltr'>inte</span> <span class='ocrx_word' id='word_1_292' title='bbox 573 3816 706 3900; x_wconf 82' lang='lat' dir='ltr'>scripta</span> <span class='ocrx_word' id='word_1_293' title='bbox 728 3816 926 3896; x_wconf 85' lang='lat' dir='ltr'>mirabitur,</span> <span class='ocrx_word' id='word_1_294' title='bbox 956 3832 1055 3884; x_wconf 86' lang='lat' dir='ltr'>tuum</span> <span class='ocrx_word' id='word_1_295' title='bbox 1081 3820 1118 3883; x_wconf 89' lang='lat' dir='ltr'>in</span> <span class='ocrx_word' id='word_1_296' title='bbox 1145 3843 1224 3885; x_wconf 90' lang='lat' dir='ltr'>eum</span> <span class='ocrx_word' id='word_1_297' title='bbox 1233 3817 1387 3914; x_wconf 83' lang='lat' dir='ltr'>sactum</span> <span class='ocrx_word' id='word_1_298' title='bbox 1406 3848 1466 3889; x_wconf 81' lang='lat' dir='ltr'>esr-</span> 
     </span>
     <span class='ocr_line' id='line_1_39' title="bbox 144 3908 1468 3998; baseline 0.005 -22"><span class='ocrx_word' id='word_1_299' title='bbox 144 3910 354 3991; x_wconf 65' lang='lat' dir='ltr'>secrabiturs</span> <span class='ocrx_word' id='word_1_300' title='bbox 373 3908 541 3995; x_wconf 77' lang='lat' dir='ltr'>citiusque</span> <span class='ocrx_word' id='word_1_301' title='bbox 561 3908 600 3973; x_wconf 90' lang='lat' dir='ltr'>in</span> <span class='ocrx_word' id='word_1_302' title='bbox 621 3910 749 3974; x_wconf 82' lang='lat' dir='ltr'>mundo</span> <span class='ocrx_word' id='word_1_303' title='bbox 768 3932 879 3994; x_wconf 88' lang='lat' dir='ltr'>genus</span> <span class='ocrx_word' id='word_1_304' title='bbox 899 3914 1077 3978; x_wconf 85' lang='lat' dir='ltr'>hominum</span> <span class='ocrx_word' id='word_1_305' title='bbox 1097 3936 1200 3998; x_wconf 80' lang='lat' dir='ltr'>quam</span> <span class='ocrx_word' id='word_1_306' title='bbox 1221 3916 1326 3979; x_wconf 86' lang='lat' dir='ltr'>buius</span> <span class='ocrx_word' id='word_1_307' title='bbox 1346 3938 1468 3983; x_wconf 87' lang='lat' dir='ltr'>nomen</span> 
     </span>
     <span class='ocr_line' id='line_1_40' title="bbox 144 4003 1469 4084; baseline 0.003 -13"><span class='ocrx_word' id='word_1_308' title='bbox 144 4006 256 4071; x_wconf 82' lang='lat' dir='ltr'>cadet.</span> <span class='ocrx_word' id='word_1_309' title='bbox 300 4003 489 4071; x_wconf 84' lang='lat' dir='ltr'>Ciceronem</span> <span class='ocrx_word' id='word_1_310' title='bbox 517 4005 580 4069; x_wconf 90' lang='lat' dir='ltr'>boc</span> <span class='ocrx_word' id='word_1_311' title='bbox 608 4023 690 4068; x_wconf 80' lang='lat' dir='ltr'>anno</span> <span class='ocrx_word' id='word_1_312' title='bbox 712 4006 797 4069; x_wconf 89' lang='lat' dir='ltr'>VII.</span> <span class='ocrx_word' id='word_1_313' title='bbox 820 4005 897 4070; x_wconf 87' lang='lat' dir='ltr'>Idus</span> <span class='ocrx_word' id='word_1_314' title='bbox 920 4009 1060 4071; x_wconf 86' lang='lat' dir='ltr'>occisum</span> <span class='ocrx_word' id='word_1_315' title='bbox 1083 4029 1170 4084; x_wconf 80' lang='lat' dir='ltr'>esse,</span> <span class='ocrx_word' id='word_1_316' title='bbox 1204 4008 1390 4074; x_wconf 84' lang='lat' dir='ltr'>testimonio</span> <span class='ocrx_word' id='word_1_317' title='bbox 1412 4011 1469 4075; x_wconf 85' lang='lat' dir='ltr'>&#39;ti-</span> 
     </span>
     <span class='ocr_line' id='line_1_41' title="bbox 145 4096 1468 4189; baseline 0.005 -26"><span class='ocrx_word' id='word_1_318' title='bbox 145 4098 237 4163; x_wconf 88' lang='lat' dir='ltr'>ronis</span> <span class='ocrx_word' id='word_1_319' title='bbox 259 4098 364 4163; x_wconf 86' lang='lat' dir='ltr'>liberti</span> <span class='ocrx_word' id='word_1_320' title='bbox 383 4097 495 4163; x_wconf 84' lang='lat' dir='ltr'>scribit</span> <span class='ocrx_word' id='word_1_321' title='bbox 506 4096 638 4163; x_wconf 75' lang='lat' dir='ltr'>Tacitus</span> <span class='ocrx_word' id='word_1_322' title='bbox 656 4097 689 4161; x_wconf 90' lang='lat' dir='ltr'>in</span> <span class='ocrx_word' id='word_1_323' title='bbox 704 4097 834 4184; x_wconf 80' lang='lat' dir='ltr'>dialogo</span> <span class='ocrx_word' id='word_1_324' title='bbox 849 4103 888 4165; x_wconf 91' lang='lat' dir='ltr'>de</span> <span class='ocrx_word' id='word_1_325' title='bbox 897 4100 1090 4167; x_wconf 80' lang='lat' dir='ltr'>Oratoribus</span> <span class='ocrx_word' id='word_1_326' title='bbox 1112 4124 1142 4166; x_wconf 86' lang='lat' dir='ltr'>e.</span> <span class='ocrx_word' id='word_1_327' title='bbox 1156 4104 1228 4177; x_wconf 81' lang='lat' dir='ltr'>tr.;</span> <span class='ocrx_word' id='word_1_328' title='bbox 1249 4103 1400 4189; x_wconf 88' lang='lat' dir='ltr'>intelligo</span> <span class='ocrx_word' id='word_1_329' title='bbox 1415 4126 1468 4170; x_wconf 82' lang='lat' dir='ltr'>an·</span> 
     </span>
     <span class='ocr_line' id='line_1_42' title="bbox 146 4192 1467 4276; baseline 0.005 -22"><span class='ocrx_word' id='word_1_330' title='bbox 146 4203 214 4256; x_wconf 85' lang='lat' dir='ltr'>tens</span> <span class='ocrx_word' id='word_1_331' title='bbox 235 4192 313 4257; x_wconf 89' lang='lat' dir='ltr'>Idus</span> <span class='ocrx_word' id='word_1_332' title='bbox 333 4193 529 4271; x_wconf 67' lang='lat' dir='ltr'>Decembr„</span> <span class='ocrx_word' id='word_1_333' title='bbox 558 4192 707 4276; x_wconf 83' lang='lat' dir='ltr'>quonism</span> <span class='ocrx_word' id='word_1_334' title='bbox 735 4192 894 4257; x_wconf 80' lang='lat' dir='ltr'>triumviri</span> <span class='ocrx_word' id='word_1_335' title='bbox 919 4192 1059 4258; x_wconf 90' lang='lat' dir='ltr'>inierunt</span> <span class='ocrx_word' id='word_1_336' title='bbox 1087 4197 1134 4259; x_wconf 87' lang='lat' dir='ltr'>V.</span> <span class='ocrx_word' id='word_1_337' title='bbox 1158 4196 1234 4260; x_wconf 80' lang='lat' dir='ltr'>Kal.</span> <span class='ocrx_word' id='word_1_338' title='bbox 1257 4195 1467 4273; x_wconf 86' lang='lat' dir='ltr'>Decembres,</span> 
     </span>
     <span class='ocr_line' id='line_1_43' title="bbox 147 4284 1469 4370; baseline 0.008 -23"><span class='ocrx_word' id='word_1_339' title='bbox 147 4297 183 4347; x_wconf 88' lang='lat' dir='ltr'>nt</span> <span class='ocrx_word' id='word_1_340' title='bbox 204 4296 252 4350; x_wconf 87' lang='lat' dir='ltr'>est</span> <span class='ocrx_word' id='word_1_341' title='bbox 272 4286 303 4349; x_wconf 91' lang='lat' dir='ltr'>in</span> <span class='ocrx_word' id='word_1_342' title='bbox 325 4286 431 4369; x_wconf 78' lang='lat' dir='ltr'>lapide</span> <span class='ocrx_word' id='word_1_343' title='bbox 453 4284 642 4353; x_wconf 83' lang='lat' dir='ltr'>Colotisno.</span> <span class='ocrx_word' id='word_1_344' title='bbox 685 4284 777 4350; x_wconf 84' lang='lat' dir='ltr'>Vixit</span> <span class='ocrx_word' id='word_1_345' title='bbox 797 4284 898 4370; x_wconf 86' lang='lat' dir='ltr'>igitur</span> <span class='ocrx_word' id='word_1_346' title='bbox 920 4286 1040 4351; x_wconf 90' lang='lat' dir='ltr'>Cicero</span> <span class='ocrx_word' id='word_1_347' title='bbox 1065 4310 1166 4353; x_wconf 78' lang='lat' dir='ltr'>annos</span> <span class='ocrx_word' id='word_1_348' title='bbox 1188 4290 1324 4355; x_wconf 82' lang='lat' dir='ltr'><strong>LXIII.</strong></span> <span class='ocrx_word' id='word_1_349' title='bbox 1347 4312 1469 4357; x_wconf 81' lang='lat' dir='ltr'>menses</span> 
     </span>
     <span class='ocr_line' id='line_1_44' title="bbox 147 4377 1191 4455; baseline 0.005 -12"><span class='ocrx_word' id='word_1_350' title='bbox 147 4377 235 4455; x_wconf 79' lang='lat' dir='ltr'>XL,</span> <span class='ocrx_word' id='word_1_351' title='bbox 258 4379 324 4443; x_wconf 87' lang='lat' dir='ltr'>dies</span> <span class='ocrx_word' id='word_1_352' title='bbox 345 4383 392 4445; x_wconf 88' lang='lat' dir='ltr'>V.</span> <span class='ocrx_word' id='word_1_353' title='bbox 414 4379 482 4444; x_wconf 87' lang='lat' dir='ltr'>sire</span> <span class='ocrx_word' id='word_1_354' title='bbox 504 4402 603 4447; x_wconf 81' lang='lat' dir='ltr'>annos</span> <span class='ocrx_word' id='word_1_355' title='bbox 625 4379 759 4444; x_wconf 84' lang='lat' dir='ltr'><strong>LXIV.</strong></span> <span class='ocrx_word' id='word_1_356' title='bbox 783 4378 883 4443; x_wconf 86' lang='lat' dir='ltr'>minus</span> <span class='ocrx_word' id='word_1_357' title='bbox 906 4383 1042 4449; x_wconf 87' lang='lat' dir='ltr'><strong>XXVI.</strong></span> <span class='ocrx_word' id='word_1_358' title='bbox 1066 4383 1191 4448; x_wconf 85' lang='lat' dir='ltr'>diebus.</span> 
     </span>
    </p>

    <p class='ocr_par' dir='ltr' id='par_1_5' title="bbox 149 4472 1470 4657">
     <span class='ocr_line' id='line_1_45' title="bbox 233 4472 1470 4565; baseline 0.008 -28"><span class='ocrx_word' id='word_1_359' title='bbox 233 4472 328 4537; x_wconf 81' lang='lat' dir='ltr'>Nrrne</span> <span class='ocrx_word' id='word_1_360' title='bbox 360 4477 401 4537; x_wconf 88' lang='lat' dir='ltr'>sd</span> <span class='ocrx_word' id='word_1_361' title='bbox 430 4486 604 4541; x_wconf 82' lang='lat' dir='ltr'>extremum</span> <span class='ocrx_word' id='word_1_362' title='bbox 636 4475 715 4539; x_wconf 89' lang='lat' dir='ltr'>illud</span> <span class='ocrx_word' id='word_1_363' title='bbox 743 4477 871 4552; x_wconf 86' lang='lat' dir='ltr'>sddsm,</span> <span class='ocrx_word' id='word_1_364' title='bbox 906 4478 994 4561; x_wconf 82' lang='lat' dir='ltr'>qrrod</span> <span class='ocrx_word' id='word_1_365' title='bbox 1024 4476 1209 4543; x_wconf 87' lang='lat' dir='ltr'>Desiderius</span> <span class='ocrx_word' id='word_1_366' title='bbox 1242 4478 1470 4565; x_wconf 81' lang='lat' dir='ltr'>Lignsmineus</span> 
     </span>
     <span class='ocr_line' id='line_1_46' title="bbox 149 4563 1468 4657; baseline 0.005 -26"><span class='ocrx_word' id='word_1_367' title='bbox 149 4563 323 4631; x_wconf 73' lang='lat' dir='ltr'>Paterisne</span> <span class='ocrx_word' id='word_1_368' title='bbox 335 4568 661 4634; x_wconf 78' lang='lat' dir='ltr'>antemnossedecim</span> <span class='ocrx_word' id='word_1_369' title='bbox 673 4570 874 4657; x_wconf 78' lang='lat' dir='ltr'>divulgarit.¹</span> <span class='ocrx_word' id='word_1_370' title='bbox 899 4569 980 4635; x_wconf 88' lang='lat' dir='ltr'>Cnm</span> <span class='ocrx_word' id='word_1_371' title='bbox 993 4592 1076 4638; x_wconf 79' lang='lat' dir='ltr'>anno</span> <span class='ocrx_word' id='word_1_372' title='bbox 1086 4571 1207 4638; x_wconf 82' lang='lat' dir='ltr'>Christi</span> <span class='ocrx_word' id='word_1_373' title='bbox 1219 4572 1468 4641; x_wconf 68' lang='lat' dir='ltr'>moxuv.</span> 
     </span>
    </p>
   </div>
   <div class='ocr_carea' id='block_1_5' title="bbox 147 4680 1471 4876">
    <p class='ocr_par' dir='ltr' id='par_1_6' title="bbox 147 4680 1471 4876">
     <span class='ocr_line' id='line_1_47' title="bbox 162 4680 1471 4801; baseline 0.003 -24"><span class='ocrx_word' id='word_1_374' title='bbox 162 4680 510 4797; x_wconf 52' lang='lat' dir='ltr'>-t-iluspntientlsslmum</span> <span class='ocrx_word' id='word_1_375' title='bbox 532 4722 603 4780; x_wconf 83' lang='lat' dir='ltr'>tsrnd</span> <span class='ocrx_word' id='word_1_376' title='bbox 623 4722 800 4781; x_wconf 82' lang='lat' dir='ltr'>msadsctnm</span> <span class='ocrx_word' id='word_1_377' title='bbox 822 4724 882 4796; x_wconf 77' lang='lat' dir='ltr'>plns</span> <span class='ocrx_word' id='word_1_378' title='bbox 901 4742 984 4799; x_wconf 83' lang='lat' dir='ltr'>quesn</span> <span class='ocrx_word' id='word_1_379' title='bbox 1001 4727 1179 4801; x_wconf 81' lang='lat' dir='ltr'>Ligorlsnnur</span> <span class='ocrx_word' id='word_1_380' title='bbox 1198 4728 1273 4783; x_wconf 83' lang='lat' dir='ltr'>hunc</span> <span class='ocrx_word' id='word_1_381' title='bbox 1294 4728 1378 4783; x_wconf 79' lang='lat' dir='ltr'>hebet</span> <span class='ocrx_word' id='word_1_382' title='bbox 1398 4726 1471 4781; x_wconf 75' lang='lat' dir='ltr'>tett-</span> 
     </span>
     <span class='ocr_line' id='line_1_48' title="bbox 147 4796 1470 4876; baseline 0.001 -22"><span class='ocrx_word' id='word_1_383' title='bbox 147 4816 223 4854; x_wconf 79' lang='lat' dir='ltr'>cem:</span> <span class='ocrx_word' id='word_1_384' title='bbox 251 4796 396 4872; x_wconf 74' lang='lat' dir='ltr'>Sepulchri</span> <span class='ocrx_word' id='word_1_385' title='bbox 412 4798 512 4871; x_wconf 81' lang='lat' dir='ltr'>sactes</span> <span class='ocrx_word' id='word_1_386' title='bbox 535 4801 580 4854; x_wconf 78' lang='grc' dir='ltr'>Μ.</span> <span class='ocrx_word' id='word_1_387' title='bbox 600 4800 634 4857; x_wconf 86' lang='lat' dir='ltr'>T.</span> <span class='ocrx_word' id='word_1_388' title='bbox 654 4802 814 4870; x_wconf 82' lang='lat' dir='ltr'>Ciceronis,</span> <span class='ocrx_word' id='word_1_389' title='bbox 838 4806 939 4873; x_wconf 79' lang='lat' dir='ltr'>paucis</span> <span class='ocrx_word' id='word_1_390' title='bbox 962 4811 1029 4855; x_wconf 83' lang='lat' dir='ltr'>ente</span> <span class='ocrx_word' id='word_1_391' title='bbox 1053 4808 1137 4857; x_wconf 82' lang='lat' dir='ltr'>suuis</span> <span class='ocrx_word' id='word_1_392' title='bbox 1154 4808 1186 4857; x_wconf 84' lang='lat' dir='ltr'>tn</span> <span class='ocrx_word' id='word_1_393' title='bbox 1202 4800 1355 4876; x_wconf 81' lang='lat' dir='ltr'>Zacyutlss</span> <span class='ocrx_word' id='word_1_394' title='bbox 1374 4802 1470 4857; x_wconf 76' lang='lat' dir='ltr'>Insula</span> 
     </span>
    </p>
   </div>
   <div class='ocr_carea' id='block_1_6' title="bbox 0 0 1630 5310">
    <p class='ocr_par' dir='ltr' id='par_1_7' title="bbox 0 0 1630 5310">
     <span class='ocr_line' id='line_1_49' title="bbox 0 0 1630 5310; baseline 0 0"><span class='ocrx_word' id='word_1_395' title='bbox 0 0 1630 5310; x_wconf 95' lang='lat' dir='ltr'> </span> 
     </span>
    </p>
   </div>
  </div>
 </body>
</html>
