3218 5310
631 301 872 366 ursanum.
1256 260 1264 268 ”
1392 304 1411 365 s

87 467 143 508 aas
165 444 200 508 δὲ
216 442 388 529 Κικέρωνα
410 444 561 528 λέγουσιν
580 438 684 531 ἡμέρα
704 443 794 533 epis-p
816 434 1176 517 recitaveramus,
1200 441 1231 502 id
1254 453 1320 517 est,
1344 443 1416 505 edi-

86 548 162 598 tum
188 534 225 599 in
254 538 364 599 lucem
385 536 581 602 Ciceronem
598 534 733 627 ferunt
759 535 862 599 tertio
891 535 947 596 die
967 535 1207 599 Kalendarum
1235 557 1413 613 novarum,

85 630 176 705 sire,
199 640 274 712 post
294 628 375 691 diem
399 628 526 692 tertium
548 630 624 692 Kal.
647 629 799 703 Ianuar.,
831 651 897 712 quio
920 650 1037 713 genere
1060 630 1208 713 loquendi
1231 650 1294 694 noar
1318 652 1414 714 quar-

87 734 157 799 tus,
183 725 240 785 scd
260 723 371 785 tertius
393 723 459 785 dies
481 722 621 786 Ianuarii
644 723 859 803 significatur,
885 733 917 785 ut
940 722 998 794 sit,
1023 722 1118 785 tertio
1143 725 1191 784 die
1207 735 1282 803 post
1297 723 1414 786 Kalen-

88 819 164 891 das,
191 837 254 879 non
271 817 439 879 enumeratis
461 816 539 899 ipsis
563 816 725 880 Kalendis.
761 818 815 880 Sic
831 814 944 877 Livius
966 815 1039 876 libr.
1056 817 1171 877 XXX.
1196 839 1266 898 cap.
1282 819 1334 879 28.
1359 819 1412 890 ait,

88 910 299 972 Hannibalern
314 921 389 991 post
404 921 528 973 sextum
544 910 696 972 dacianum
714 933 825 973 antrum
844 932 883 972 ex
898 907 985 971 ltalia
1003 909 1192 971 decessisse:
1210 911 1263 993 qui
1282 911 1414 974 venitin

89 1002 1416 1080 Italiamann0,utLivinsnurncrat,abU.C.DXXXll.,decessitanuoDXLVll.

89 1101 191 1162 Recte
203 1096 302 1180 igitur
313 1097 443 1159 Paullus
455 1098 614 1163 Iuriscon.
628 1098 660 1160 in
674 1100 715 1161 L.
729 1097 919 1162 Anniculus
933 1097 977 1158 D.
994 1096 1035 1157 de
1050 1096 1140 1158 verb.
1160 1097 1287 1186 signif.
1324 1103 1415 1164 Ante

90 1191 181 1254 diem
191 1190 617 1265 decimumKalendarum,
635 1203 716 1274 post
735 1192 824 1254 diem
839 1189 1261 1265 decimumKalendarum,
1279 1207 1412 1271 neutro,

89 1283 201 1366 inquit,
217 1304 373 1346 sermone
388 1282 544 1347 undecim
559 1285 633 1347 dies
646 1285 905 1368 significantur.
933 1283 985 1346 Sic
1001 1283 1080 1345 cuim
1096 1284 1261 1367 legendum
1277 1307 1318 1347 ex
1330 1288 1415 1351 Pan·

89 1375 185 1439 dectis
208 1375 420 1450 Florentinis,
446 1399 528 1451 non,
551 1390 695 1462 utroque
717 1400 892 1441 sermone:
916 1387 949 1437 ut
971 1397 1138 1456 perperam
1162 1378 1323 1455 Alciatus,
1349 1382 1414 1443 Bu-

90 1473 204 1543 daens,
234 1470 330 1533 Valla
353 1483 384 1533 et
407 1469 570 1534 Corradus
592 1472 750 1555 legerunt.
795 1474 893 1552 Apud
914 1471 1121 1533 Plutarcluuu
1144 1494 1265 1535 ornarem
1289 1476 1413 1537 dubita·

88 1564 205 1627 tionem
228 1561 312 1626 tollit
333 1562 364 1625 id
386 1566 473 1647 quad
493 1564 655 1647 sequitur:
678 1568 710 1630 ir
731 1556 750 1656 ἦ
771 1567 829 1630 rain
851 1569 882 1629 ul
899 1560 1052 1649 ἄρχοντες
1069 1560 1218 1650 εὔχονται
1233 1572 1288 1631 καὶ
1304 1564 1412 1636 θύου-

89 1680 143 1723 σιν
162 1652 243 1743 ὑπὲρ
258 1658 318 1722 τοῦ
334 1653 507 1743 ἡγεμόνος,
526 1658 557 1720 id
580 1670 642 1734 est,
668 1678 736 1742 queo
752 1659 806 1720 die
820 1679 910 1719 narare
932 1656 1160 1739 magistratus
1172 1681 1239 1740 pro
1255 1661 1411 1744 Principe

73 1750 227 1842 faciunt
253 1761 287 1811 et
310 1760 390 1812 uota
417 1763 627 1832 nuncupant.
672 1752 722 1814 De
752 1773 817 1833 quo
848 1750 896 1812 dic
926 1750 1024 1814 Caius
1054 1749 1083 1811 in
1106 1752 1149 1812 L.
1193 1753 1231 1816 Si
1251 1754 1409 1818 calvitur.

90 1847 135 1908 D.
158 1845 200 1907 de
219 1844 311 1907 verb.
332 1842 458 1933 signif.
503 1848 585 1908 Post
612 1845 788 1909 Kalendas
811 1842 995 1907 Ianuarias
1016 1843 1071 1904 die
1093 1844 1195 1907 tertio
1214 1868 1281 1925 pro
1303 1851 1413 1911 saliua

90 1938 259 2020 Principis
288 1948 367 2000 eota
393 1938 649 2018 suscipiuntur,
681 1936 733 1999 ubi
762 1937 889 1999 tertium
912 1936 993 1998 diem
1017 1935 1156 1997 lanuarii
1177 1936 1412 2022 intelligendum

92 2054 162 2095 csse
191 2033 268 2095 haee
297 2033 393 2093 verba
418 2029 592 2110 Capitolini
621 2030 650 2091 iu
681 2031 849 2094 Pertinace
877 2052 947 2111 cap.
972 2031 1004 2090 b.
1036 2032 1223 2094 ostendunt:
1258 2035 1413 2119 Denique

91 2139 173 2189 ante
188 2125 325 2189 tertium
347 2127 533 2190 Nonarum
555 2124 664 2197 clieta,
692 2124 790 2188 Votis
812 2124 913 2206 ipsis,
938 2124 1063 2186 milites
1078 2127 1279 2188 Maternum
1296 2131 1414 2193 Lasci-

93 2222 203 2294 uium,
224 2232 417 2284 senatorem
438 2218 602 2293 nobilem,
626 2218 749 2280 ducere
771 2217 807 2279 in
829 2228 945 2279 eastra
969 2220 1159 2279 uoluerunt.
1196 2221 1294 2283 Votis
1314 2223 1412 2304 ipsis,

94 2316 213 2388 idest,
242 2312 314 2395 ipso
338 2325 486 2376 rotorruu
510 2312 577 2387 die,
610 2314 774 2393 quintrrodo
800 2311 910 2383 ludis,
941 2308 1210 2389 gladiatoribus,
1242 2325 1273 2375 et
1301 2314 1414 2381 similia

91 2432 109 2470 a
132 2408 253 2471 Latinis
275 2407 433 2470 dicuntur.
478 2406 529 2468 De
557 2405 665 2468 iisdem
695 2403 780 2467 votis
803 2401 987 2484 Spartianus
1015 2401 1235 2473 iufladriano
1263 2428 1333 2489 cap.
1357 2411 1410 2474 23.

88 2505 351 2583 Ingravescente
369 2499 559 2562 ualetruline
588 2521 653 2581 per
677 2496 850 2561 somnium
873 2495 979 2578 periit
1005 2494 1089 2576 ipsis
1117 2498 1198 2561 Kal.
1221 2500 1410 2568 Ianuariis.

89 2598 208 2676 Quare
233 2594 278 2657 ab
295 2593 478 2658 Hadriano
504 2604 662 2655 votorum
690 2611 796 2652 enema
815 2601 865 2652 est
890 2588 1004 2671 lugeri
1026 2590 1165 2668 uetitus;
1195 2600 1226 2651 et
1247 2594 1412 2675 Vopiscus

88 2688 119 2751 in
144 2687 261 2751 'l'aeito
283 2708 355 2769 cap.
379 2689 410 2751 ll.
433 2687 604 2752 Diuorum
625 2687 788 2767 templum
798 2684 889 2763 steri
911 2683 1027 2756 iussit,
1060 2683 1094 2744 in
1118 2707 1185 2770 queo
1210 2702 1322 2752 essent
1342 2705 1414 2755 sta·

89 2785 171 2844 freae
189 2781 386 2865 principum
406 2781 593 2855 bonorum,
617 2779 681 2852 ita,
707 2790 745 2840 ut
766 2777 888 2841 iisdem
906 2778 1092 2841 Natalibus
1112 2783 1204 2859 suis,
1230 2786 1412 2865 Parilibus,

87 2874 258 2941 Kalendis
278 2875 452 2938 Ianuariis
474 2886 508 2937 et
531 2873 629 2938 Votis
650 2872 813 2934 libamina
831 2883 1054 2952 ponerentur.

177 2969 286 3031 Mater
302 2966 488 3040 Ciceronis,
512 2987 593 3050 qliae
614 2965 736 3047 ipsum,
761 2976 795 3026 ut
810 2944 1001 3028 Plutarbhus
1024 2966 1153 3044 scribit,
1178 2971 1245 3037 sine
1268 2975 1334 3040 ullo
1357 2979 1415 3041 do-

87 3065 159 3128 lore
188 3061 331 3144 peperit,
363 3060 423 3123 luit
446 3059 582 3134 Helvia,
616 3070 649 3121 ut
679 3062 718 3121 ab
742 3056 884 3122 Eusebio
917 3070 946 3121 ct
969 3060 1085 3123 Paullo
1108 3063 1254 3130 Diacono
1281 3070 1312 3130 in
1340 3091 1416 3153 sup-

88 3154 257 3240 plementis
280 3153 484 3235 Eutropianis
513 3165 600 3216 recte
623 3153 820 3217 notarinatur:
850 3173 918 3213 narn
950 3156 1034 3232 apud
1056 3157 1262 3221 Plutarcluun
1281 3158 1417 3245 Ὀλβίαν

90 3253 242 3314 mendose
265 3260 311 3309 est
334 3269 393 3328 pro
412 3242 584 3329 ‘b'bs’iauh
619 3251 706 3330 qttod
728 3242 842 3309 riorucn
864 3244 895 3306 in
919 3249 1056 3307 ciusdem
1082 3249 1326 3327 Quaestionibus
1349 3256 1417 3319 lto-

92 3344 189 3406 manis
218 3344 378 3404 currendate
408 3339 543 3423 legitur,
576 3362 641 3422 quo
673 3343 711 3401 de
732 3339 762 3400 iu
786 3339 1055 3401 Aunotationibus
1078 3339 1108 3401 in
1132 3344 1240 3406 Orosii
1269 3347 1342 3409 libr.
1367 3350 1413 3411 V.

92 3461 161 3519 cap.
185 3439 236 3499 15.
281 3433 402 3497 Habuit
433 3444 531 3496 nsater
560 3431 728 3497 Ciceronis
758 3452 924 3506 sororem,
956 3453 1037 3516 quiae
1068 3434 1107 3500 C.
1130 3439 1287 3502 Aculeoni
1318 3443 1416 3524 equiti

91 3534 138 3594 ll.
162 3529 285 3611 nupsit:
310 3550 402 3611 quiem
425 3529 467 3589 L.
486 3526 621 3591 Crassus
644 3526 753 3590 dilexit
776 3548 816 3587 cx
839 3526 983 3589 oumibus
1006 3528 1190 3608 pluriuunn,
1219 3544 1253 3592 ut
1269 3545 1315 3594 cst
1331 3534 1414 3596 libro

94 3628 141 3689 ll.
165 3646 233 3705 cap.
259 3625 313 3686 ⁶5.
336 3625 374 3684 de
398 3622 555 3695 Oratore,
584 3620 637 3683 ubi
659 3621 855 3684 Aculeonem
879 3618 1016 3682 Crassus
1039 3626 1120 3702 apud
1145 3626 1197 3686 Μ.
1222 3628 1415 3706 Perpernam

93 3716 225 3782 iudicem
247 3728 358 3781 contra
381 3715 599 3781 Gratidianum
622 3714 799 3777 defendisse
823 3713 948 3776 dicitur.
986 3717 1036 3778 De
1059 3719 1169 3780 eodem
1192 3718 1260 3799 ipsc
1280 3716 1414 3782 Crassus

91 3814 167 3876 libr.
191 3812 219 3874 Ι.
250 3834 321 3893 cap.
347 3810 400 3873 ld.
424 3812 566 3882 Nonne,
597 3808 712 3889 inquit,
745 3807 864 3869 ui‹letis
885 3808 1031 3891 equitem
1052 3813 1115 3883 Β..
1148 3811 1317 3873 bominem
1334 3832 1416 3873 acae-

90 3905 226 3970 tissimo
248 3904 401 3967 omnium
423 3902 580 3986 ingenio,
611 3902 672 3963 sed
696 3901 833 3962 minime
857 3901 978 3963 ceteris
1003 3902 1136 3965 artibus
1156 3904 1346 3979 eruditum,
1375 3908 1414 3971 C.

91 4004 311 4073 Acadeonem,
325 3998 384 4082 qui
399 4019 528 4059 rraecurn
544 3994 623 4057 uiuit
636 4016 834 4077 serrrperque
849 3994 949 4068 uixit,
966 3997 1016 4059 ita
1030 4009 1142 4058 tenere
1161 3998 1215 4058 ius
1227 3997 1333 4072 ciuile,
1351 4001 1413 4077 uti,

91 4118 170 4158 cum
191 4096 234 4157 ab
256 4097 318 4156 boe
340 4093 555 4165 discesseris,
578 4112 677 4153 nemo
699 4091 739 4151 ‹le
759 4088 820 4163 iis,
849 4090 907 4170 paci
924 4090 1128 4171 peritissimi
1147 4102 1245 4164 stent,
1276 4107 1417 4177 antepo-

93 4190 221 4250 natur?
264 4186 367 4249 Huius
390 4186 486 4270 igitur
509 4183 685 4248 Aculeonis
707 4183 762 4244 lilii
779 4181 947 4247 Ciceronis
972 4182 1153 4246 consobrini
1176 4183 1321 4259 luserunt,
1346 4188 1416 4272 qui-

93 4285 224 4344 buscum
253 4303 287 4343 se
317 4282 346 4343 in
376 4278 511 4361 pueritia
541 4278 632 4340 bonis
667 4275 840 4357 disciplinis
871 4298 1001 4356 operam
1031 4275 1154 4336 dedisse
1187 4277 1253 4359 ipse
1281 4291 1417 4343 testatur

93 4374 184 4439 initio
211 4374 285 4437 libri
307 4375 357 4437 ll.
384 4377 422 4436 de
446 4374 538 4438 Orat.
583 4372 636 4434 Ex
661 4370 710 4431 his
739 4370 797 4431 luit
822 4369 863 4434 C.
887 4369 1040 4432 Visellius
1062 4371 1188 4446 Varro,
1226 4374 1273 4435 vir
1303 4379 1416 4438 ‹loctus

93 4470 126 4532 in
148 4467 276 4550 primis:
301 4467 355 4551 qui
376 4466 454 4530 iuris
477 4466 580 4529 civilis
601 4486 618 4527 a
641 4477 730 4547 patre
753 4464 918 4527 Aculeone
936 4462 1076 4525 traditam
1094 4465 1192 4526 tenuit
1207 4467 1414 4548 disciplinam,

95 4565 128 4627 in
159 4564 261 4627 Bruto
291 4584 362 4644 cap.
387 4562 438 4623 lb.
489 4560 538 4622 De
566 4560 676 4622 eodem
706 4558 737 4621 in
765 4558 858 4621 Orat.
888 4561 926 4619 dc
953 4555 1126 4638 provinciis
1155 4583 1243 4625 coss.
1269 4585 1340 4644 cap.
1364 4566 1416 4625 17.

94 4659 276 4740 Antequam
299 4658 337 4719 ad
359 4666 540 4740 sequentem
563 4675 676 4716 annum
699 4665 845 4726 transeo,
870 4654 1048 4716 admonebo
1069 4657 1282 4719 adolescentes
1297 4658 1418 4718 studio·

133 4844 165 4907 t)
184 4836 369 4895 amendatum
388 4853 463 4893 nnnc
481 4850 524 4891 est
539 4833 661 4916 Ἑλβίαν
679 4834 753 4888 Plnt.
775 4848 837 4906 cap.
857 4840 885 4891 1.
904 4831 955 4887 Ed.
974 4834 1082 4892 Sabaei.
