3218 5310
30 230 36 239 ’
136 257 177 320 so
537 246 1055 315 n1.anL11ctcnnonts

106 382 108 387 ⁴
135 396 332 481 appellatae;
357 396 395 458 de
418 392 534 478 qusihns
554 392 620 457 Dio
644 391 699 454 tit».
723 390 930 455 xxxvttt.
954 401 986 452 et
1009 388 1125 455 Cicero
1151 390 1190 452 de
1211 388 1347 475 harusp.
1369 410 1455 477 resp.

136 515 209 575 cap.
232 491 307 554 98st
339 492 430 554 Tum
450 491 543 570 leges
564 486 673 552 Iulios
694 498 814 551 contro
834 484 991 568 auspicio
1011 486 1101 546 lotos
1129 495 1163 547 et
1187 483 1242 547 laic
1267 484 1360 549 etin
1381 507 1457 553 eon·

134 586 290 652 cionibns
318 584 442 648 dicere.
487 581 574 646 Tuttt
604 592 789 664 praeterea,
825 591 859 641 nt
881 599 958 662 ager
980 576 1159 660 Campanus
1180 577 1237 656 iis,
1270 579 1327 665 qni
1350 590 1458 647 tentans

135 682 286 764 pluresve
307 680 428 743 liberos
450 678 622 752 haberent,
658 674 876 738 divideretur:
910 669 1081 736 Suetonius
1102 671 1136 759 in
1155 671 1219 736 Iul.
1249 693 1323 756 cap.
1346 674 1403 738 70.
1429 685 1460 741 et

136 774 280 839 Velleius
302 773 359 835 lib.
376 772 421 837 ll.
442 791 515 851 cap.
534 772 587 833 tt.
633 767 810 834 Curatores
834 765 943 842 etiam,
968 764 1023 848 qui
1045 786 1142 849 agros
1164 764 1363 845 dividerent,
1386 788 1461 835 cett·

136 866 238 933 stituit
259 865 474 949 Vigintiviros
501 885 543 927 ex
571 864 628 951 iis,
661 861 717 946 qui
745 861 900 944 plurimos
929 861 1068 935 honores
1099 859 1272 943 gessissent
1298 872 1396 944 atque
1423 863 1460 926 ad

136 985 205 1027 eam
221 983 286 1026 rent
299 958 541 1047 quammaxime
555 957 659 1021 idonei
671 967 789 1032 essent,
803 966 934 1018 auctore
946 953 1052 1018 Dione
1064 952 1154 1017 initio
1166 952 1457 1023 tibrtxxxvttt.

138 1055 309 1122 Suetonius
331 1073 461 1139 qnoque
483 1053 514 1115 in
531 1055 683 1134 Augttsto
705 1072 778 1132 cap.
796 1051 828 1113 lt.
850 1048 1010 1112 XXriros
1024 1070 1135 1134 agrum
1151 1046 1355 1133 Campanum
1377 1050 1458 1135 plela'

135 1150 217 1215 Iulia
238 1151 310 1233 lege
332 1147 475 1211 divisisse
501 1145 556 1209 ait.
602 1147 639 1208 ln
663 1144 710 1207 his
732 1145 793 1210 luit
816 1143 1016 1218 Cosconius,
1047 1164 1112 1227 quo
1135 1154 1263 1208 mortuo
1286 1142 1456 1213 ciceron

137 1245 202 1309 eins
229 1244 334 1307 locum
362 1242 514 1307 invitatus
544 1240 625 1314 tuit;
657 1240 751 1322 epist.
775 1240 827 1303 19.
857 1237 915 1300 lib.
940 1238 987 1302 11.
1015 1239 1055 1309 ad
1076 1239 1148 1302 Art.
1193 1237 1232 1302 ln
1260 1236 1375 1303 iisdem
1400 1238 1457 1305 lttit

137 1338 200 1404 Cu.
225 1335 415 1402 Tremellius
439 1334 573 1408 Scrofa,
599 1354 663 1416 quo
686 1335 724 1415 de
748 1334 858 1395 Varro
883 1331 937 1395 lib.
956 1332 1048 1399 l.,de
1069 1353 1106 1394 re
1128 1344 1208 1395 rust.
1232 1352 1307 1415 cap.
1323 1334 1359 1398 2.
1389 1332 1456 1405 tta.

137 1433 233 1496 minat
261 1434 389 1495 eosdem
420 1428 595 1494 Frontinus
625 1438 655 1490 et
682 1426 805 1490 Plinius
835 1425 891 1489 lib.
923 1426 1005 1491 VII.
1035 1449 1107 1508 cap.
1135 1427 1188 1490 52.
1244 1427 1311 1491 Sed
1341 1425 1456 1493 cicere

136 1526 343 1593 XXuiratum
366 1523 562 1608 repudiavit,
587 1523 674 1607 quod
697 1518 909 1601 Quintilianus
930 1520 987 1583 lib.
1011 1520 1095 1584 ΧΠ.
1119 1540 1191 1601 cap.
1214 1521 1245 1583 1.
1269 1519 1403 1585 scribit:
1427 1530 1457 1587 et

137 1623 205 1705 ipse
233 1618 326 1703 epist.
348 1620 380 1682 2.
413 1619 468 1681 lib.
492 1618 557 1682 tx.
585 1619 624 1679 ad
651 1616 793 1680 Atticum
822 1616 861 1677 de
885 1612 1023 1678 Caesare
1052 1613 1171 1697 inquit:
1205 1613 1403 1697 Repndinri
1423 1638 1458 1681 ae

136 1728 247 1781 totum
270 1713 385 1798 magis
407 1713 511 1776 etiam
533 1732 637 1796 qnam
657 1709 740 1774 olim
759 1707 794 1770 in
817 1709 1003 1772 XXvirotn
1019 1709 1173 1792 potabit:
1193 1729 1235 1771 ne
1255 1710 1362 1787 solet,
1384 1730 1459 1775 ettae

136 1819 338 1892 espurget,
369 1807 406 1875 in
435 1828 488 1870 me
513 1802 677 1895 conferre
697 1825 832 1867 omnem
854 1804 993 1866 illorum
1013 1816 1206 1887 temporum
1227 1806 1386 1888 culpetne
1412 1804 1460 1869 ito

136 1927 190 1968 me
209 1898 409 1991 aibifue'sse
431 1901 624 1975 inimicum,
647 1910 686 1962 nt
710 1921 752 1962 ne
772 1902 936 1963 honorem
957 1897 1094 1983 quidem
1116 1919 1140 1959 a
1160 1919 1196 1960 se
1218 1899 1377 1982 accipere
1396 1900 1460 1963 ul·

136 2001 215 2062 lena.
266 1995 453 2061 Paterculus
487 2015 615 2079 quoque
647 1993 680 2057 in
710 1991 1010 2057 commemoratione
1049 1990 1152 2055 exsilii
1180 1989 1351 2056 Ciceronis
1379 1992 1460 2057 addit

135 2091 194 2155 lib.
216 2088 265 2154 II.
289 2110 359 2171 cap.
383 2091 458 2152 ts:
482 2093 558 2154 Hoc
578 2088 645 2152 sibl
665 2086 884 2151 contraxisse
907 2085 1084 2148 videbatur
1099 2084 1237 2164 Cicero,
1258 2084 1355 2171 quod
1373 2085 1461 2151 inter

136 2183 298 2250 XXviros
328 2182 508 2245 diuidendo
536 2203 626 2265 agro
650 2183 827 2263 compono
851 2199 924 2241 esse
953 2180 1131 2242 noluisset.
1181 2180 1247 2243 Hie
1275 2178 1459 2264 scrupulo·

137 2275 236 2340 iniicit
258 2275 362 2339 oratio
385 2277 423 2338 de
446 2275 621 2358 provinciis
643 2293 744 2349 eoss.‚
760 2267 799 2336 ‘in
823 2293 882 2357 qua
906 2295 978 2355 cap.
996 2275 1049 2335 tt.
1066 2271 1185 2337 Cicero
1206 2272 1270 2350 ait,
1293 2294 1329 2338 se
1344 2295 1362 2335 a
1379 2270 1460 2339 Cae·

137 2389 209 2433 sare
230 2367 329 2431 fuisse
350 2380 519 2452 rogatum,
544 2380 578 2431 ut
600 2367 875 2452 quinqueviratum
898 2367 1072 2450 acciperet,
1109 2387 1243 2452 citroque
1265 2386 1299 2429 se
1322 2366 1460 2431 obstina-

137 2462 225 2528 tione
247 2463 380 2545 quadam
403 2462 575 2524 sententiae
596 2462 791 2544 repudiasse.
836 2462 1012 2541 Praeterea
1036 2460 1237 2547 quinqueviri
1258 2460 1458 2526 nominantur

138 2555 234 2638 epist.
259 2558 291 2618 7.
320 2555 376 2617 lib.
401 2554 447 2618 11.
469 2554 510 2617 ad
530 2556 601 2619 Au.
646 2555 725 2618 Sunt
746 2553 809 2618 viri
831 2555 1024 2630 doctissimi,
1055 2556 1087 2619 in
1110 2559 1206 2619 rebus
1228 2554 1385 2621 Romanis
1406 2574 1460 2621 co·

139 2647 330 2734 gnoscendis
352 2647 405 2711 din
427 2649 621 2733 multumque
644 2648 777 2724 versati,
801 2650 856 2731 qni
877 2649 1037 2725 scribunt,
1062 2647 1231 2713 Caesarem
1255 2650 1295 2712 ad
1317 2648 1460 2715 aestivas·

138 2743 257 2807 tionem
289 2741 359 2827 agri
389 2738 545 2824 Campani
573 2742 732 2805 XXuiros
765 2763 891 2806 creasse
930 2765 967 2806 ae
1006 2754 1170 2826 practerea
1204 2742 1368 2828 quinque,
1407 2740 1460 2829 qni

137 2834 332 2900 aestimatum
355 2835 543 2899 dividerent.
587 2836 673 2901 Dant
701 2835 747 2899 illi
766 2837 901 2920 quidem
928 2850 1036 2901 testem
1059 2839 1087 2902 in
1110 2841 1191 2901 hanc
1211 2859 1279 2900 rem
1303 2836 1458 2901 Dionem

137 2932 194 2994 sed
214 2931 332 3004 verba,
362 2929 476 3014 quibus
499 2930 561 2993 hoc
584 2932 836 3008 demonstretur,
871 2932 900 2995 in
923 2934 1049 2997 Graeca
1075 2931 1142 2996 eius
1164 2933 1296 2997 historia
1320 2932 1460 2999 invenire

139 3022 286 3108 equidem
315 3024 418 3085 adhue
447 3023 530 3086 nulla
560 3024 663 3107 potui.
709 3022 857 3089 Comitiis
885 3025 1059 3089 tribuniciis
1088 3028 1128 3090 P.
1153 3025 1289 3092 Clodius
1317 3026 1461 3092 Pulcher

137 3118 283 3181 tribunus
305 3120 351 3200 pl.
373 3119 477 3182 factrus
499 3117 560 3182 suit
583 3139 682 3202 opera
706 3117 871 3193 Caesaris3
896 3131 930 3182 ut
951 3120 1065 3184 scribit
1087 3120 1153 3186 Dio
1168 3122 1384 3198 XXXVIII,
1409 3120 1459 3187 12.

5 3266 10 3276 .
137 3222 169 3275 et
190 3212 380 3275 Plutarchus
408 3212 439 3275 in
463 3211 614 3278 Caesare.
659 3212 730 3276 Etsi
757 3224 860 3276 autem
890 3214 1063 3296 Pompeius
1092 3213 1241 3280 Clodium
1272 3217 1359 3283 oanni
1387 3238 1460 3282 caa-

138 3304 246 3378 tione,
275 3304 424 3378 foedere.
456 3306 674 3371 exsecratione
696 3307 900 3381 devinxerat,
932 3307 1008 3371 nihil
1031 3306 1063 3370 in
1086 3308 1247 3372 tribunatu
1267 3322 1382 3374 contra
1405 3308 1461 3377 Ci-

137 3420 286 3463 ceronern
310 3421 377 3464 esse
399 3400 574 3476 facturum,
612 3414 645 3464 ut
677 3411 725 3464 est
747 3419 808 3483 pro
831 3401 936 3465 Sestio
965 3422 1037 3484 cap.
1061 3407 1110 3478 t.,
1144 3402 1196 3466 ille
1219 3402 1378 3467 tamenin
1399 3402 1458 3469 fids

18 3561 22 3570 ,
138 3513 203 3555 non
225 3493 356 3569 mansit,
381 3495 437 3557 sed
459 3493 604 3557 tribunus
627 3494 674 3576 pl.
697 3493 800 3556 factius
829 3496 979 3560 continuo
1003 3519 1036 3560 se
1060 3496 1090 3559 in
1114 3495 1304 3562 Ciceronem
1324 3516 1460 3563 conver·

136 3587 187 3650 tit.
233 3586 303 3668 Qua
326 3589 421 3649 dere
444 3587 601 3662 dicemus,
636 3588 662 3651 si
691 3587 779 3670 prius
807 3586 884 3650 illud
912 3591 1183 3666 admonuerimus,
1219 3591 1304 3653 hunc
1333 3590 1458 3657 tertiat·

137 3679 235 3745 luisse
264 3700 378 3742 annum
407 3678 530 3762 imperii
558 3682 601 3763 Q.
626 3680 793 3746 Ciceronis
821 3683 853 3744 in
876 3683 972 3758 Asia3
1003 3704 1069 3768 qtto
1092 3686 1132 3747 ad
1153 3686 1234 3747 duos
1255 3681 1386 3766 priores
1408 3684 1461 3749 ad·

137 3773 247 3838 iuncto
270 3773 323 3837 Μ.
345 3770 463 3838 Cicero
486 3773 650 3856 epistolam
673 3776 757 3838 illam
779 3776 1042 3859 pulcher-rimans,
1066 3798 1148 3862 quiae
1168 3789 1217 3840 est
1237 3776 1458 3859 primalib.1.

139 3867 178 3928 ad
200 3867 365 3943 Fratrem,
397 3864 501 3941 misit,
532 3868 564 3931 in
586 3890 650 3953 qiua
671 3869 773 3932 omnia
796 3881 967 3952 praecepta
996 3873 1076 3934 bene
1099 3870 1362 3936 administrandae
1384 3892 1461 3956 pro·

139 3961 261 4026 vinciae
282 3962 325 4026 ita
347 3961 565 4047 persequitur,
603 3973 638 4025 ut
659 3962 791 4045 anplius
815 3965 891 4027 nihil
912 3962 1035 4050 requiri
1058 3965 1171 4048 possit.
1216 3966 1368 4030 Eiusdem
1391 3961 1461 4031 antti

139 4054 252 4119 ultimis
282 4056 440 4120 mensibus
466 4053 592 4138 scripsit
622 4056 788 4140 epistolam
818 4061 985 4124 secundam
1015 4062 1055 4122 ad
1077 4060 1247 4138 Fratrem,
1275 4073 1308 4124 ut
1330 4082 1373 4125 ea
1393 4061 1485 4205 ipsa)

140 4150 359 4233 cognoscitur.

273 4323 374 4385 Anno
396 4321 498 4434 Urbis
519 4324 690 4390 DCXCV.
718 4323 892 4390 Ciceronis
913 4327 1042 4390 XLIX.
1068 4346 1157 4390 coss.
1168 4323 1330 4418 ficemur

176 4451 221 4527 L.
250 4453 570 4535 CALPURNIUS
598 4457 715 4536 PISO
743 4458 1078 4558 CAESONINUS,
1106 4463 1149 4536 Α.
1178 4461 1431 4545 GaBttttth.

204 4612 378 4676 Praetores
399 4614 491 4676 basius
513 4615 586 4679 anni
608 4637 624 4678 a
648 4616 802 4681 Suetonio
824 4618 855 4680 in
877 4618 961 4681 Iulio
988 4638 1059 4702 cap.
1084 4620 1136 4683 73.
1160 4619 1363 4684 nominantur
1383 4623 1459 4699 dno,

140 4705 183 4771 C.
206 4705 377 4770 Illesnmius
399 4718 430 4768 et
453 4710 495 4770 L.
519 4709 691 4773 Domitius.
737 4708 776 4775 C.
799 4711 987 4774 Memmium
1008 4726 1189 4796 praetorem
1216 4735 1256 4777 ex
1280 4715 1351 4801 lege
1374 4715 1461 4781 Lici·

141 4800 191 4864 nia
213 4812 244 4864 et
266 4797 355 4864 Iunia
381 4798 537 4880 edixisse,
563 4814 596 4866 nt
617 4801 765 4907 Vatinium
787 4807 910 4870 adesset
931 4805 980 4869 die
1001 4807 1181 4888 tricesimo,
1206 4806 1326 4876 Cicero
1347 4809 1379 4875 in
1395 4810 1463 4877 Va·
